2432 3788
346 295 569 358 SALLUer
592 296 829 356 rosunum.
1014 298 1032 354 3

148 454 250 530 Atque
270 433 322 529 ego
342 453 427 511 credo
447 454 508 510 fore
528 452 588 529 qui,
609 451 678 527 quie
698 450 812 508 decrevi
833 447 933 524 procul
952 468 970 504 a
989 467 1034 504 re-

148 551 264 627 publica
281 556 398 608 eetatem
416 568 508 626 agere,
524 551 608 605 tanto
626 553 746 622 tamque
763 545 832 601 utili
851 543 945 600 labori
966 563 1031 600 mco

149 667 255 704 nomen
277 647 390 703 inertiae
412 646 566 720 imponant
575 663 585 716 ;
606 649 691 715 certe,
716 642 821 718 quibus
843 641 971 698 maxima
989 641 1034 696 in·

149 743 262 800 dustria
275 743 399 814 videtur,
423 741 549 797 salutare
572 739 694 815 plebem,
713 743 743 795 et
756 737 897 794 conviviis
910 737 1033 810 gratiam

149 857 285 915 quaerere.
328 837 387 906 Qui
408 837 433 893 si
456 836 666 911 reputaverint,
684 840 714 891 et
734 835 841 909 quibus
857 852 910 908 ego
925 839 1033 907 tempo

149 936 231 992 ribus
259 934 447 1009 magistratus
471 933 593 1006 adeptus
621 932 684 1000 sim,
707 936 738 987 et
757 930 856 1006 quales
875 929 932 986 viri
956 928 1035 985 idem

151 1030 270 1106 adsequi
286 1028 475 1105 nequiverint
484 1049 493 1100 3
515 1033 545 1084 et
562 1031 663 1102 postea
677 1046 741 1102 quae
759 1045 865 1100 genera
882 1025 1035 1082 hominum

150 1129 183 1184 in
206 1134 338 1185 senatum
359 1125 565 1200 pervenerint3
596 1124 725 1199 profecto
748 1123 967 1193 existimabunt,
988 1143 1035 1180 me

151 1225 241 1299 magis
254 1223 367 1293 merito,
387 1243 476 1299 quam
493 1223 619 1297 ignavie,
634 1220 780 1296 judicium
798 1218 889 1274 animi
901 1217 960 1274 mei
972 1236 1035 1273 mu-

152 1322 264 1392 tavisse,
289 1321 440 1396 majusque
459 1318 642 1377 commodum
666 1336 704 1373 ex
725 1315 785 1372 otio
802 1334 873 1385 meo,
893 1333 981 1389 quam
998 1333 1035 1370 ex

152 1418 274 1475 aliorum
302 1416 436 1490 negotiis,
456 1416 622 1493 reipublicae
648 1420 813 1471 venturum.
861 1412 940 1468 Nam
961 1431 1036 1487 saepe

152 1513 259 1584 audivi,
273 1512 306 1581 Q.
322 1512 497 1581 Maximum,
513 1512 546 1568 P.
563 1510 737 1586 Scipionem,
756 1514 895 1583 praeterea
908 1507 1036 1563 civitatis

152 1614 258 1664 nostrae
270 1608 422 1685 praeclaros
430 1609 508 1665 viros
519 1607 617 1664 solitos
630 1607 673 1663 ita
694 1605 794 1676 dicere,
812 1619 874 1661 ouu
892 1620 1036 1660 neronum·

153 1720 295 1762 Incensus
316 1720 534 1774 mrunnnrrruu,
556 1716 817 1758 vnnnnnurrssrnn
835 1714 893 1754 surr
914 1714 1037 1754 nummu

153 1818 195 1858 AD
207 1818 358 1859 vrsrurnn
371 1817 500 1858 Aconum
513 1821 519 1857 :
540 1799 650 1856 scilicet
662 1817 721 1853 non
735 1815 830 1852 ceram
843 1794 932 1865 illam,
942 1813 1037 1869 neque

153 1900 283 1973 figuram,
311 1903 425 1954 tantam
444 1898 505 1953 vim
525 1896 557 1952 in
578 1889 639 1951 sese
659 1893 783 1963 habere;
815 1891 872 1962 sed,
900 1891 1038 1946 memoria

152 2011 250 2049 rerum
263 1998 410 2068 gestarum
422 2012 484 2049 eam
498 1992 644 2048 flammam
658 1989 779 2064 egregiis
792 1987 863 2043 viris
876 1987 908 2042 in
921 1993 1037 2061 pectore

153 2107 285 2159 crescere,
300 2109 394 2164 neque
406 2089 488 2164 p1ius
502 2086 605 2156 sedari,
615 2103 702 2160 quam
713 2085 807 2140 virtus
821 2102 920 2139 eorum
931 2083 1038 2138 famem

153 2191 240 2258 atque
253 2185 374 2259 gloriam
392 2184 594 2259 adaequaveris
636 2184 682 2240 At
702 2190 810 2254 contra,
832 2184 897 2258 quis
917 2188 961 2238 est
980 2201 1040 2239 om·

154 2278 236 2333 nium
248 2278 293 2334 his
307 2279 444 2349 moribuS,
460 2279 533 2354 quin
546 2279 659 2335 divitiis
672 2284 703 2335 et
716 2278 887 2354 sumptibus,
902 2276 962 2335 non
975 2298 1038 2354 pro

153 2375 246 2431 bitate
259 2396 352 2451 neque
366 2377 517 2446 industria,
538 2395 604 2433 cum
618 2376 775 2451 majoribus
789 2377 848 2432 suis
862 2375 1037 2433 contendatl

154 2471 240 2528 etiam
254 2473 385 2530 homines
398 2475 474 2544 novi,
487 2473 539 2548 qui
552 2480 638 2530 antea
651 2493 703 2548 per
712 2475 854 2530 virtutem
864 2473 943 2530 soliti
956 2477 1039 2529 erant

153 2570 334 2626 nobilitatem
349 2572 527 2642 antevenire,
546 2570 648 2627 furtim
664 2575 695 2627 et
710 2589 762 2645 per
777 2570 929 2626 latrocinia
941 2570 1039 2646 potius
1070 2567 1077 2583 '

153 2684 240 2741 quam
262 2667 343 2723 bonis
363 2668 474 2723 artibus
494 2668 531 2723 ad
550 2668 673 2742 imperia
693 2673 723 2723 et
739 2667 862 2722 honores
880 2667 1019 2723 nituntur
1028 2688 1037 2739 3

153 2762 273 2836 proinde
287 2764 370 2838 quasi
382 2770 510 2839 praetura
524 2768 553 2819 et
568 2763 742 2832 consulatue,
760 2768 849 2837 atque
864 2762 922 2818 alia
941 2763 1039 2819 omnia
1062 2823 1066 2855 ,¹

153 2858 360 2935 hujuscemodi,
374 2880 426 2936 per
442 2879 473 2917 se
489 2862 552 2935 ipsa
568 2860 653 2931 clara,
674 2860 827 2935 magnifica
844 2860 913 2930 sint,
929 2879 962 2915 ac
980 2879 1039 2915 non

153 2957 271 3031 perinde
285 2956 456 3028 habeantur,
480 2963 515 3014 ut
535 2976 633 3015 eorum
648 2957 700 3032 qui
717 2957 863 3014 sustinent
876 2957 971 3012 virtus
985 2962 1036 3012 est.

153 3051 267 3108 Verum
285 3071 337 3127 ego
358 3052 477 3110 liberius
498 3053 644 3128 altiusque
660 3055 792 3129 processi,
814 3053 885 3110 dum
903 3071 949 3108 me
970 3051 1038 3108 civi-

153 3149 225 3204 tatis
238 3167 353 3206 morum
366 3149 446 3224 piget
459 3150 621 3224 taedetque:
642 3169 720 3206 nunc
733 3150 770 3206 ed
783 3149 930 3223 inceptum
944 3147 1037 3218 redeo.

213 3243 251 3301 V.
293 3243 409 3300 Bellum
419 3245 578 3319 scripturus
586 3264 658 3315 sum,
669 3244 878 3320 quodpopulus
888 3242 1040 3302 Romanus

154 3357 220 3395 cum
229 3338 250 3396 J
253 3341 386 3415 ugurtha,
400 3360 468 3415 rege
480 3341 688 3412 Numidarum,
700 3343 802 3416 gessit:
825 3340 960 3414 primum,
970 3341 1040 3415 quia

154 3455 291 3512 magnum
312 3445 343 3494 et
362 3446 456 3510 atrox,
477 3439 614 3514 variaque
634 3439 757 3497 victoria
776 3438 851 3495 fuit:
873 3436 949 3506 dein,
970 3436 1039 3510 quia

882 3533 957 3589 1-2
