2426 3786
371 251 595 319 sstevsrll
619 251 824 313 terame
998 255 1038 313 ll

152 398 283 461 Romra'’
323 399 376 459 Ad
394 400 450 458 hoe
470 400 626 459 maledieta
637 401 697 459 clia
709 421 776 460 uum
790 402 918 476 adderet,
933 404 1041 463 obstre-

151 515 222 573 pere
241 515 349 568 omnes,
371 495 485 553 hostem
509 501 598 572 atque
621 498 795 585 parricidam
815 517 926 558 voeere.
967 499 1042 558 'Ium

152 593 204 652 ille
231 592 426 651 furibundus:
460 596 478 625 “
487 591 634 660 Quoniam
658 593 778 669 quidem
798 594 1041 667 circumventus,’²

151 690 260 767 inquit,
284 691 346 748 “ab
366 689 494 747 inimicis
513 694 641 766 praeceps
660 709 737 766 agor,
758 689 927 750 incendium
945 710 1041 749 meum

151 788 240 845 ruina
252 785 456 862 restinguam.”

212 881 358 940 XXXII.
400 881 478 940 Dein
494 901 526 940 se
539 901 578 939 ex
590 881 671 941 cuma
683 882 802 941 domum
815 883 979 960 proripuit3
1000 885 1042 943 ibi

152 977 247 1037 multa
259 996 357 1036 seeum
371 978 433 1054 ipse
446 978 567 1036 volvens
576 997 586 1050 3
606 979 685 1053 quod
697 997 793 1054 neque
806 979 917 1037 insidia
931 971 1043 1037 eoniuli

151 1074 355 1150 procedebant,
376 1082 407 1131 et
425 1074 463 1130 ab
476 1074 611 1132 incendio
624 1073 809 1149 intelligebat
821 1075 925 1135 urbem
933 1075 1042 1151 vigiliis

151 1170 306 1242 nimitum,
321 1171 464 1246 optimum
482 1171 593 1231 factum
604 1170 733 1237 credens,
752 1172 913 1231 exercitum
927 1191 1043 1249 augere,

152 1283 188 1323 ac
204 1267 294 1341 prius,
317 1285 404 1343 quam
419 1266 547 1342 legiones
567 1266 771 1338 scriberentur,
792 1272 962 1349 antecapere
977 1285 1043 1351 qum

151 1362 231 1421 bello
258 1363 325 1420 usui
353 1363 470 1436 forent;
497 1369 583 1421 noete
606 1364 783 1438 intempesta
803 1380 870 1423 cum
891 1365 989 1438 paucis
1008 1365 1041 1421 in

152 1455 307 1516 Manliana
332 1465 427 1519 castra
453 1459 599 1534 profectus
622 1464 675 1518 est.
717 1457 775 1516 Sed
800 1457 929 1538 Cethego
952 1464 1042 1536 atque

151 1550 288 1626 Lentulo,
304 1554 464 1630 ceterisque
482 1574 607 1630 quorum
627 1559 803 1630 cognoverat
815 1561 979 1631 promptam
992 1575 1041 1612 au·

152 1647 274 1721 decim
293 1651 423 1724 mandet,
443 1651 551 1727 quibus
569 1651 656 1708 rebus
673 1655 801 1726 possent,
822 1668 891 1726 opes
908 1651 1043 1710 factionis

152 1749 334 1820 confirmant,
346 1749 469 1815 insidias
483 1749 596 1807 consuli
603 1754 763 1818 maturent,
778 1748 884 1806 cedem
897 1748 1041 1822 incendia,

152 1845 269 1922 aliaque
289 1845 361 1903 belli
383 1846 512 1903 facinora
534 1850 658 1921 parent:
682 1863 743 1903 sese
764 1863 853 1921 prope
875 1845 953 1903 diem
974 1862 1042 1904 cum

152 1959 259 2017 magno
285 1942 417 1998 exercitu
443 1941 481 1998 sd
507 1942 610 1998 urbem
639 1959 828 2001 accessurum.
874 1939 955 1999 Dum
980 1940 1042 1998 haee

154 2034 256 2095 Romae
275 2043 427 2114 geruntur,
448 2037 479 2098 0.
500 2037 632 2096 Manlius
648 2056 687 2095 ex
706 2055 760 2095 suo
777 2054 899 2094 numero
911 2036 950 2093 ud
962 2035 1042 2093 Mar-

154 2133 231 2192 cium
245 2133 357 2209 Regem
370 2134 475 2204 mittit,
489 2153 556 2190 enm
569 2133 715 2190 mandatis
728 2132 947 2208 hujuscemodi:

147 2237 163 2269 Υ
212 2227 374 2289 XXXIII.
418 2228 523 2286 “Deos
544 2229 733 2304 hominesque
748 2234 899 2300 testamur,
920 2228 1042 2304 impera-

153 2329 209 2396 tor,
222 2342 277 2381 nos
287 2343 368 2381 arma
380 2344 475 2401 neque
489 2331 592 2382 eontra
604 2325 731 2400 patriam
744 2324 860 2401 cepisse,
875 2342 970 2399 neque
983 2342 1041 2400 quo

153 2420 314 2498 perieulum
327 2421 392 2479 eliis
406 2422 572 2493 faceremus,
587 2421 638 2478 sed
647 2421 692 2478 uti
703 2440 822 2496 corpora
834 2427 936 2478 nostra
947 2422 986 2478 ab
998 2422 1042 2478 in·
1087 2495 1090 2498 ἢ

149 2516 231 2593 juria
243 2523 312 2574 tnta
323 2517 440 2589 forent3
461 2519 513 2593 qui
526 2517 633 2588 miseri,
656 2521 780 2592 egentes,
799 2516 941 2575 violentia
952 2522 1042 2593 atque

153 2612 326 2670 crudelitate
347 2612 552 2683 feneratorum,
575 2611 706 2686 plerique
733 2611 842 2686 patrias,
869 2610 920 2668 sed
942 2626 1041 2667 omnes

153 2708 232 2766 sema
251 2713 340 2785 atque
359 2708 493 2777 fortunis,
511 2712 644 2784 expertes
657 2724 776 2764 sumus:
797 2725 891 2781 neque
905 2706 1041 2780 cuiquam

153 2812 288 2862 nostrum
301 2805 394 2876 licuit,
416 2823 496 2863 more
509 2805 661 2880 majorum,
675 2802 806 2878 legenti,
820 2820 923 2878 neque,
937 2802 1041 2860 amisso

153 2899 339 2976 patrimonio,
354 2898 478 2956 liberum
488 2917 592 2974 eorpus
606 2898 731 2971 haber03
752 2903 837 2956 tenta
845 2896 1042 2956 soevitiafene-

153 3000 286 3053 setarum
305 3000 394 3070 atque
414 2995 546 3071 praetoris
564 2994 629 3051 fuit
671 2993 754 3070 Saepe
766 2993 889 3070 majores
901 2997 1039 3063 vestrum,

153 3090 280 3148 miseriti
293 3091 386 3167 plebis
400 3090 548 3163 Romanae,
567 3090 692 3148 decretis
708 3090 769 3148 suis
786 3089 890 3166 inopia
904 3086 1042 3164 opitulati

154 3193 244 3246 sunt:
263 3207 297 3245 sc
311 3188 477 3260 novissime,
492 3189 633 3247 memoria
644 3196 752 3261 nostra,
768 3192 886 3264 propter
897 3184 1042 3263 magnitu-

155 3281 255 3341 dinem
267 3284 335 3340 seris
347 3284 446 3358 alieni,
456 3284 624 3341 volentibus
636 3285 772 3342 omnibus
785 3281 875 3354 bonis,
889 3288 1041 3358 argentum

153 3397 212 3439 aere
231 3380 362 3443 solutum
380 3385 432 3442 eat
473 3379 556 3458 saepe
579 3381 643 3459 ipsa
658 3380 767 3458 plebes,
796 3383 850 3437 ant
873 3377 1052 3451 dominandi.
