2426 3790
365 256 593 319 tarbuam]
616 262 643 319 J
646 261 851 324 UGUM'HA.
1013 268 1050 327 27

159 413 285 491 immani
304 414 436 483 avaritia,
454 414 659 486 nocentissimi,
679 417 814 492 idemque
829 419 1027 494 superbissimi
1036 439 1046 493 ;
1119 449 1123 464 ι

107 574 110 579 ,
161 512 244 588 queis
263 512 343 584 fides,
362 513 458 585 decus,
475 510 576 588 pletas,
591 519 736 588 postremo
755 515 879 578 honesta
898 522 985 592 atque
1004 517 1047 574 in·

108 587 144 621 Ἣ
159 608 283 664 honam
302 609 400 665 omnia
419 609 543 683 quaestui
570 601 647 666 sunt.
690 609 763 667 Pars
789 629 890 668 eorum
911 613 1047 670 occidisse

159 705 293 763 tribunos
311 707 413 782 plebis,
431 707 482 764 alii
502 707 676 783 quaestiones
694 708 826 783 injustas,
846 709 977 785 plerique
995 729 1047 769 cae«

159 801 226 860 dem
238 803 271 859 in
282 822 335 860 vos
347 804 455 873 fecisse,
468 823 525 879 pro
536 803 718 860 munimento
731 805 847 862 babent.
886 805 942 877 Ita,
957 825 1046 881 quam

104 913 108 919 ·
159 899 283 976 quisque
296 870 418 975 pebime
435 899 512 971 fecit,
527 905 590 955 tam
602 899 730 956 maxime
749 905 835 958 tutus
848 906 912 958 est:
932 887 1044 960 metum

159 1014 177 1051 a
190 995 295 1053 scelere
309 1014 362 1052 suo
379 995 417 1052 ad
440 994 586 1070 ignaviam
605 1001 733 1052 vestrum
752 998 950 1070 transtulere,
971 1017 1045 1074 quos

160 1108 260 1147 omnes
272 1091 373 1148 eadem
385 1109 497 1167 cupere,
512 1091 613 1147 eadem
626 1091 728 1162 odisse,
743 1092 845 1149 eadem
857 1098 996 1166 metuere,
1011 1096 1044 1151 in

156 1206 250 1243 unum
263 1188 374 1261 coligit:
396 1184 525 1244 sedbaeo
544 1188 623 1243 inter
642 1188 733 1243 bonos
750 1189 880 1245 amicitia
897 1196 949 1262 est,
964 1191 1044 1250 inter

157 1282 248 1339 malos
260 1283 354 1340 factio.
397 1283 482 1351 Quod
500 1283 600 1345 sitam
614 1292 665 1338 ‘vos
683 1282 827 1339 libertatis
846 1303 945 1340 curam
958 1284 1043 1342 habe·

155 1378 233 1450 retis,
255 1398 343 1455 quam
362 1379 408 1435 illi
425 1379 463 1436 ad
483 1378 710 1435 dominationem
730 1379 843 1436 accensi
862 1386 932 1436 scrut
942 1399 952 1452 3
979 1400 1043 1457 pro-

155 1474 231 1530 fecto
252 1493 346 1551 neque
372 1492 418 1531 rea
443 1475 568 1550 publica,
590 1475 676 1532 sicuti
702 1494 791 1546 nuuc,
810 1482 983 1548 vastaretur,
1012 1484 1042 1534 et

154 1568 293 1627 beneficia
311 1575 409 1628 vestra
427 1589 516 1646 penes
536 1571 672 1646 optimos,
695 1590 755 1628 non
775 1573 986 1644 audacissimos,
1000 1574 1043 1630 fo-

154 1672 228 1723 rent
271 1666 398 1742 Majores
416 1667 514 1739 vestri,
530 1667 652 1742 parandi
661 1667 737 1742 juris
753 1673 787 1724 et
800 1668 962 1743 majestatis
977 1686 1042 1725 con·

154 1762 309 1820 stituendae
335 1764 437 1839 gratia,
459 1763 503 1820 bis
527 1782 581 1839 per
604 1764 791 1820 secessionem
813 1763 919 1820 armati
943 1764 1042 1822 Aven-

153 1861 252 1916 tinum
272 1879 465 1935 occupavere:
491 1878 544 1916 vos
570 1879 624 1935 pro
642 1860 789 1931 libertate,
810 1879 899 1935 quam
924 1861 962 1917 ab
982 1860 1042 1918 illia

153 1956 312 2032 accepistis,
330 1974 391 2011 non
410 1972 523 2012 summa
542 1973 597 2032 ope
615 1955 774 2014 niteminil
795 1961 884 2032 atque
905 1975 938 2013 eo
958 1956 1042 2014 vehe-

153 2053 288 2125 mentius,
298 2053 375 2129 quod
389 2052 483 2128 majus
496 2052 619 2117 dedecus
632 2060 685 2125 est,
698 2058 781 2129 parta
795 2054 937 2124 amittere,
949 2071 1040 2128 quam

154 2149 274 2207 omnino
299 2168 360 2205 uon
386 2148 553 2224 paravisset
594 2149 682 2208 Dicet
708 2149 924 2226 aliquis,de
949 2150 1041 2225 igitur

154 2246 274 2302 censeat
312 2244 533 2302 Vindicandum
564 2245 596 2302 in
624 2265 681 2316 eoa,
707 2247 759 2322 qui
785 2246 862 2303 hosti
888 2246 1040 2322 prodidere

154 2341 385 2417 rempublicaml
427 2342 498 2398 Non
517 2360 615 2411 manu,
629 2360 723 2417 neque
740 2342 779 2412 vi,
794 2342 872 2417 quod
890 2343 982 2418 magis
1001 2342 1040 2399 fe·

153 2438 233 2508 cisse,
249 2456 336 2512 quam
357 2437 416 2494 illis
436 2436 578 2507 accidisse,
594 2436 766 2512 indiguum
786 2456 887 2495 verum
908 2438 1040 2513 questio·

153 2534 240 2590 nibus
253 2538 284 2591 et
296 2532 404 2589 indicio
417 2533 508 2608 ipsius
521 2532 543 2589 J
543 2532 694 2607 ugurthae:
708 2534 769 2608 qui,
784 2534 809 2590 si
818 2533 971 2592 dediticius
985 2540 1036 2606 est,

153 2629 281 2709 profecto
291 2629 380 2704 jussis
393 2628 497 2685 vestris
511 2628 648 2697 obediens
668 2628 742 2685 erit:
762 2629 809 2685 sin
822 2648 856 2686 es
868 2631 1037 2702 contemnit,

121 2725 262 2807 ,scilicet
281 2724 494 2797 existimabitis,
515 2723 609 2800 qualia
629 2724 681 2781 illa
700 2743 768 2800 pax,
788 2731 841 2782 aut
861 2726 979 2798 deditio,
1001 2746 1040 2783 ex

153 2843 211 2900 qua
230 2822 268 2880 ad
287 2823 309 2881 J
309 2821 466 2897 ugurtham
479 2821 619 2878 scelerum
631 2819 801 2896 impunitas,
816 2822 854 2878 ad
873 2841 979 2898 paucos
991 2842 1039 2898 po

152 2927 248 2979 tentes
261 2921 396 2977 maxima
414 2918 532 2990 divitiae,
547 2917 581 2974 in
598 2917 807 2992 rempublicam
825 2918 932 2974 damna
949 2923 1038 2993 atque

153 3017 299 3090 dedecora,
320 3016 516 3092 pervenerint.
559 3013 627 3071 Nisi
639 3013 714 3070 forte
731 3014 861 3071 nondum
878 3014 967 3070 etiam
986 3031 1038 3071 vos

153 3112 358 3171 dominationis
378 3131 478 3169 eorum
493 3110 610 3167 satietas
630 3115 720 3179 tenet,
735 3114 766 3166 et
786 3109 846 3178 illa,
867 3126 955 3183 quam
975 3107 1037 3167 haec

152 3215 292 3285 tempora,
312 3210 405 3285 magis
421 3207 544 3283 placent,
560 3223 627 3262 oum
646 3223 744 3280 regna,
764 3202 929 3279 provinciae,
950 3203 1035 3279 leges,

151 3307 226 3383 jura,
244 3304 363 3379 judicia,
385 3303 470 3373 bella,
491 3306 580 3377 atque
599 3318 692 3376 paces,
713 3304 859 3374 postremo
879 3298 980 3355 divina
1006 3304 1036 3357 et

152 3402 281 3460 humana
299 3400 405 3472 omnia,
425 3416 513 3476 pones
532 3415 646 3474 paucos,
663 3399 747 3453 erant
755 3414 766 3469 3
786 3412 837 3452 vos
857 3399 963 3468 autem,
981 3395 1036 3476 boc¹
