2426 3790
346 242 564 318 sanamur]
587 256 822 316 Jneuarnr.
992 260 1029 319 er

146 414 239 486 modo,
261 414 347 472 modo
367 415 516 471 universos
538 412 661 471 laedere:
689 413 831 485 dictitare,
857 419 942 472 “sese
965 432 1028 472 oon-

145 513 273 569 sulatum
295 531 332 569 ex
351 512 437 569 vietis
459 510 520 568 illis
540 510 631 586 spolia
654 512 763 587 cepisse
769 508 795 582 ;’'
815 511 873 567 alia
891 508 1030 588 praeterea

146 609 298 685 magnifica
311 628 364 685 pro
377 630 415 682 se,
430 616 461 667 et
474 609 533 666 illis
549 609 685 666 dolentia.
728 607 863 680 Interim,
876 628 941 684 quse
950 607 1030 666 'bello

145 723 219 781 opus
231 715 322 776 erant,
338 706 432 782 prima
444 706 565 763 habere:
585 704 731 781 postulare
744 706 906 781 legionibus
918 706 1030 787 supple-

145 807 286 873 mentum,
301 803 443 860 auxiliaa
461 802 575 878 populis
594 808 626 859 et
645 803 769 878 regibus,
785 802 926 878 sociisque
941 821 1030 859 arses

146 916 227 954 sere:
248 904 386 973 praeterea
400 917 437 955 ex
450 898 535 955 latio
549 898 739 955 fortissimum
759 917 911 976 quemque,
926 900 1030 976 pleros-

146 1013 203 1069 que
217 994 337 1065 militiae,
352 1012 458 1069 paucos
470 995 548 1051 fama
560 995 698 1070 cognitos,
712 995 813 1066 accire,
835 1000 866 1053 et
877 995 1030 1052 ambiendo

147 1100 247 1165 eogere
273 1089 406 1146 homines
433 1089 560 1147 emeritis
582 1090 734 1165 stipendiis
760 1109 857 1147 seeum
880 1091 1028 1166 proficisci.

148 1185 253 1262 Neque
271 1185 316 1242 illi
337 1191 461 1258 senatus,
476 1205 653 1263 quamquam
673 1185 810 1243 adversus
827 1191 898 1259 erat,
913 1187 949 1245 de
969 1187 1030 1244 ullo

147 1282 264 1358 negotio
295 1283 422 1340 abnuere
454 1283 580 1340 audebat
591 1304 600 1355 3
635 1288 764 1340 aeterum
797 1282 1030 1359 supplementum

148 1378 237 1435 etiam
257 1379 341 1435 laetus
361 1380 541 1437 decreverat:
561 1379 631 1455 quia
649 1396 744 1456 neque
763 1378 842 1454 plebi
861 1379 1030 1437 militiave

148 1474 222 1532 lenti
235 1476 403 1551 putabatur,
418 1482 448 1532 et
468 1475 581 1533 Marius
594 1481 647 1532 aut
666 1474 736 1533 belli
754 1494 849 1542 usum,
862 1482 915 1532 aut
935 1476 1030 1532 studia

148 1571 238 1646 vulgi,
259 1572 424 1630 amissurus.
467 1570 524 1629 Sed
544 1591 578 1629 ea
597 1591 643 1629 res
663 1572 771 1628 frustra
791 1578 918 1647 sperata:
947 1576 1030 1628 tanta

149 1668 248 1725 lubido
270 1688 336 1725 oum
360 1668 457 1727 Mario
480 1669 568 1726 eundi
594 1669 745 1745 plerosque
767 1670 922 1729 invaserat.
964 1668 1030 1726 Sese

149 1765 278 1839 quisque,
303 1765 400 1840 praeda
422 1764 603 1841 locupletem,
627 1766 768 1823 victorem
788 1766 906 1826 domum
925 1764 1031 1822 reditu-

148 1878 223 1926 rum,
242 1860 301 1916 alia
322 1861 526 1936 hujuscemodi,
541 1860 645 1918 animis
661 1862 834 1918 trahebant:
856 1867 886 1917 et
905 1880 953 1917 eos
972 1879 1040 1917 nou¹

148 1953 280 2031 paullum
300 1957 430 2013 oratioue
450 1974 503 2012 sua
522 1954 636 2012 Marius
651 1963 811 2013 surrexerat.
852 1955 940 2026 Nam,
956 1962 1030 2031 post

148 2069 244 2126 quam,
273 2052 406 2108 omnibus
432 2070 496 2127 quse
530 2050 729 2127 postulaverat
761 2051 891 2122 decretis,
922 2049 1030 2107 milites

149 2146 272 2204 seribere
294 2147 368 2218 vult,
391 2147 528 2203 hortandi
546 2165 645 2204 caussa
664 2146 760 2217 simul,
780 2152 810 2203 et
836 2144 1027 2214 nobilitatem,

148 2242 195 2297 uti
217 2249 411 2313 consueverat,
432 2242 606 2318 exagitandi,
630 2243 795 2299 eonoionem
820 2240 922 2318 populi
947 2241 1030 2298 advo-

149 2337 233 2393 cavit
276 2336 390 2394 Deinde
402 2337 457 2394 hoc
470 2338 555 2395 modo
568 2337 712 2395 disseruit.

208 2431 372 2490 LXXXV.
416 2432 507 2489 “Scio
540 2414 610 2507 ego,
629 2431 767 2502 Quirites,
795 2432 945 2507 plerosque
971 2451 1028 2490 non

149 2526 239 2583 isdem
260 2527 371 2584 artibus
391 2527 542 2603 imperium
563 2547 581 2584 a
600 2527 683 2583 vobis
700 2533 806 2602 petere,
822 2532 858 2598 et,
878 2513 1030 2602 postquam

149 2621 247 2697 adepti
260 2627 337 2694 sunt,
352 2641 463 2698 gerere:
484 2622 578 2698 primo
597 2623 763 2695 industrios,
778 2621 927 2698 supplices,
942 2623 1030 2678 modi-

149 2736 197 2774 cos
218 2737 293 2791 esse3
322 2720 425 2776 deinde
445 2738 497 2795 per
512 2720 658 2794 ignaviam
684 2725 715 2776 et
732 2719 895 2795 snperbiam
913 2725 1030 2776 aetatem

149 2833 241 2889 agere.
284 2814 341 2873 Sed
366 2816 439 2872 mihi
453 2824 554 2872 contra
574 2835 608 2872 ea
628 2815 765 2888 videtur3
789 2835 867 2886 nam,
888 2833 947 2890 quo
965 2815 1030 2900 nni-

149 2932 231 2971 versa
244 2914 405 2989 respublica
418 2914 511 2989 pluris
528 2920 580 2985 est,
598 2932 685 2990 quam
702 2913 869 2970 consulatus
887 2916 940 2968 ant
958 2930 1029 2986 prse-

150 3016 224 3080 tma,
246 3029 280 3066 eo
305 3010 414 3084 majore
435 3028 506 3066 eura
525 3008 607 3065 illam
631 3007 837 3077 administrari,
855 3024 942 3082 quam
969 3005 1029 3065 haeo

148 3107 217 3183 peti,
231 3106 343 3164 debere.
385 3105 488 3182 Neque
502 3125 548 3162 me
561 3105 646 3172 fallit,
660 3110 804 3179 quantum
817 3121 884 3160 oum
901 3101 1029 3157 maximo

148 3203 287 3260 beneficio
313 3209 410 3259 vestro
435 3201 544 3277 negotii
567 3201 731 3258 sustineam.
786 3198 902 3256 Bellum
927 3215 1028 3272 parare

149 3298 243 3370 simul,
260 3304 290 3354 et
303 3299 404 3355 aerario
420 3316 550 3373 pareer03
571 3317 671 3373 eogere
690 3297 727 3354 ad
747 3295 883 3353 militiam
897 3312 944 3351 eos
957 3313 1029 3368 quoa

148 3394 224 3451 nolis
242 3393 404 3451 offendere:
432 3394 508 3450 domi
533 3394 659 3469 forisque
682 3392 781 3450 omnia
801 3408 900 3448 curare
910 3407 919 3460 ;
945 3397 976 3446 et
995 3408 1029 3445 ea

873 3501 947 3558 5-2
