2426 3790
190 264 228 326 28
386 264 611 325 SALLUSTII
635 265 661 322 J
666 264 718 323 ΠΟ
725 260 872 326 varim.

185 424 239 490 est,
253 418 379 494 populus
392 418 553 490 Romanus,
566 417 671 475 invicti
684 417 721 474 ab
734 417 874 489 hostibus,
884 417 1075 494 imperatores

185 514 318 572 omnium
343 515 485 590 gentium,
509 513 581 572 satia
601 514 753 572 habebatis
778 514 907 573 animam
929 517 1073 593 retinere:

184 629 254 668 nam
273 612 445 669 servitutem
464 610 583 687 quidem
602 611 669 686 quis
688 615 818 667 vestrum
834 629 965 671 recusare
988 612 1075 668 aude-

184 711 257 769 bati
297 709 401 785 Atque
414 728 475 785 ego,
488 708 607 767 tametsi
621 709 686 765 viro
702 706 958 784 flagitiosissimum
971 709 1073 766 existi-

185 823 234 861 mo
255 805 377 880 impune
395 803 535 879 injuriam
554 803 704 878 accepisse,
719 809 819 861 temen
836 822 887 861 vos
905 803 1074 861 hominibus

184 899 411 956 sceleratissimis
436 899 592 975 ignoscere,
619 898 760 974 quoniam
785 898 864 956 cives
889 904 967 968 sunt,
988 919 1073 976 aequo

184 995 282 1051 animo
300 1000 423 1069 paterer,
444 995 503 1052 nisi
522 995 717 1052 misericordia
736 995 769 1052 in
792 995 948 1071 perniciem
971 1015 1074 1055 casura

184 1095 266 1147 esset.
308 1087 389 1145 Nam
408 1095 439 1147 et
456 1088 523 1160 illis,
537 1094 682 1165 quantum
700 1089 932 1164 importunitatis
952 1089 1070 1161 habent,

133 1168 135 1179 ’
183 1202 288 1260 parum
307 1190 359 1256 est,
380 1185 501 1260 impune
519 1184 595 1241 male
614 1184 723 1256 fecisse,
743 1185 802 1242 nisi
822 1186 927 1244 deinde
945 1187 1072 1245 faciendi

183 1277 302 1334 licentia
321 1278 464 1353 eripitur:
484 1284 515 1336 et
534 1279 616 1335 vobis
634 1285 745 1336 aeterna
760 1280 925 1339 sollicitudo
944 1301 1074 1339 remane-

183 1376 237 1445 bit,
258 1395 326 1433 oum
351 1376 530 1452 intelligetis
558 1382 611 1432 aut
637 1376 823 1433 serviendum
848 1396 919 1447 esse,
941 1384 994 1435 aut
1019 1398 1073 1454 per

183 1490 287 1533 manus
311 1471 478 1530 libertatem
500 1471 691 1529 retinendam.
741 1472 822 1529 Nam
847 1473 916 1530 fidei
943 1475 1069 1551 quidem,

183 1572 235 1624 aut
255 1568 424 1635 concordior,
443 1585 509 1643 quoe
524 1568 615 1642 spesi
644 1566 789 1625 domari
815 1566 860 1625 illi
886 1568 999 1640 volunt,
1019 1588 1072 1626 vos

183 1662 268 1719 liberi
280 1680 360 1734 ease;
380 1663 474 1721 facere
488 1660 534 1719 illi
551 1661 682 1737 injurius,
697 1681 750 1752 ras
769 1662 943 1738 prohibere:
963 1668 1072 1740 postre-

182 1776 231 1814 mo
250 1758 334 1815 sociis
353 1758 457 1819 vestris
477 1759 571 1816 veluti
589 1759 729 1830 hostibus,
751 1760 884 1818 hostibus
903 1781 956 1837 pro
976 1764 1069 1834 sociis,

182 1859 317 1910 utuntur.
358 1852 497 1911 Potestne
512 1853 544 1910 in
562 1858 625 1910 tam
643 1853 765 1925 diversis
778 1854 926 1912 mentibus
938 1875 1004 1931 pax,
1017 1866 1071 1914 aut

181 1950 312 2008 amicitia
333 1951 414 2008 esset
453 1949 554 2019 Quare
573 1969 677 2008 moneo
703 1952 871 2027 hortorque,
894 1959 1071 2010 natantum

181 2050 273 2105 scelus
299 2045 478 2122 impunitum
504 2046 654 2104 omittatis
701 2046 773 2104 Non
798 2045 949 2122 peculatus
976 2046 1071 2105 aerarii

181 2143 275 2200 factm
289 2149 341 2214 eat,
356 2161 451 2218 neque
464 2142 589 2218 pervim
607 2142 692 2211 sociis
704 2149 811 2219 ereptae
828 2145 975 2220 pecuniae:
995 2162 1068 2220 qua,

180 2260 358 2317 quamquam
370 2241 477 2315 grevia,
491 2245 591 2297 tamen
608 2241 815 2298 consuetudine
824 2242 887 2316 jam
905 2260 958 2317 pro
977 2241 1070 2299 nihilo

181 2337 336 2396 habentur.
375 2336 467 2399 Hosti
490 2337 629 2394 acerrimo
649 2337 765 2412 prodita
781 2337 880 2394 senati
902 2337 1068 2405 auctoritas,

180 2432 330 2508 proditum
342 2432 498 2507 imperium
511 2437 658 2488 vestrum:
681 2431 761 2488 domi
769 2431 941 2508 militiaeque
953 2433 1071 2507 respub·

180 2528 237 2585 lica
256 2528 367 2586 venalis
386 2527 453 2589 fuit.
495 2527 567 2596 Quas
586 2526 644 2583 nisi
664 2528 788 2604 quaesita
808 2534 904 2598 erunt,
926 2528 958 2584 ni
978 2528 1071 2585 vindi-

180 2632 278 2682 catum
298 2625 331 2680 in
349 2624 460 2695 noxios,
478 2623 552 2699 quid
571 2623 726 2698 reliquum,
747 2623 805 2680 nisi
824 2629 860 2681 ut
879 2624 947 2696 illis,
965 2625 1018 2700 qui
1036 2644 1071 2682 ea

181 2723 287 2793 fecere,-
301 2721 467 2778 obedientes
493 2720 647 2779 vivamusl
675 2740 745 2778 nam
771 2722 891 2797 impune
914 2741 979 2798 quae
998 2723 1071 2780 libet

179 2821 281 2890 facere,
301 2818 333 2875 id
353 2823 398 2874 est
416 2834 514 2892 regem
534 2834 604 2876 esse.
651 2815 757 2891 Neque
778 2835 831 2892 ego
850 2834 910 2888 voa,
932 2796 1096 2888 Quiritea⁹

179 2916 288 2985 hortor,
302 2918 339 2970 ut
350 2911 461 2970 malitis
479 2912 558 2969 cives
570 2917 682 2970 vestros
700 2930 858 2987 perperam,
873 2930 962 2988 quam
982 2920 1068 2983 recte,

179 3013 279 3070 fecisse
285 3031 295 3084 ;
316 3011 366 3068 sed
379 3029 425 3081 ne,
437 3010 610 3085 ignoscendo
623 3009 715 3080 malis,
726 3010 816 3066 bonos
828 3010 975 3084 perditum
988 3013 1068 3075 eatis,

179 3108 231 3164 Ad
257 3108 320 3176 hoo,
340 3107 374 3162 in
393 3105 542 3181 republica
567 3105 661 3162 multo
686 3110 805 3180 praestat
830 3105 963 3163 beneficii
982 3126 1070 3182 quarn

178 3203 314 3261 maleficii
326 3204 524 3259 immemorem
538 3221 617 3261 esse:
631 3202 725 3258 bonus
737 3202 941 3259 tantummodo
955 3204 1071 3278 segnior

177 3297 223 3366 iit,
238 3296 290 3353 ubi
302 3297 451 3373 negligas3
472 3304 505 3353 at
518 3297 612 3355 malus
629 3296 795 3372 improbior.
839 3296 892 3354 Ad
909 3296 972 3369 hoo,
988 3299 1070 3357 siin·

176 3392 262 3471 juria
275 3412 334 3452 non
348 3396 415 3468 sint,
430 3393 509 3458 haud
522 3412 597 3470 saepe
610 3392 715 3475 auxilii
728 3390 836 3470 egeaa”
