2426 3790
352 201 576 263 sisinum
599 161 837 262 Joounrni.
1000 204 1038 265 85

152 358 268 435 gurtha,
294 357 363 414 dum
387 361 550 413 sustentare
571 373 645 425 sum,
665 359 696 411 et
716 373 805 430 prope
822 355 885 431 jam
904 356 1039 432 adeptam

152 453 306 511 victoriam
332 453 458 508 retinere
476 451 564 526 eupit,
587 452 803 509 circumventus
824 451 862 507 ab
882 453 1038 527 equitibus,
1078 514 1081 519 ⁴

151 550 264 618 dextre,
279 548 404 618 sinistra,
425 547 560 604 omnibns
579 548 687 612 occisis,
708 547 786 604 solus
806 548 885 605 inter
897 549 957 606 tels
975 550 1039 607 hos-

152 645 229 702 tium
241 645 418 701 vitabundus
432 644 565 718 erumpit
607 643 710 718 Atque
723 645 843 701 interim
857 644 979 717 Marius,
996 646 1039 703 fu-

70 760 73 764 ·
152 741 229 816 gatis
249 739 405 815 equitibus,
427 739 552 794 occurrit
574 738 685 794 arixilio
708 738 775 808 suis,
799 758 871 815 quos
891 740 989 815 pellij

152 840 311 910 acceperat.
351 832 488 908 Denique
507 832 604 890 hostes
625 833 753 908 undique
766 833 852 894 fus’u
874 835 950 891 Tum
963 855 1039 910 spee

153 932 283 990 taculum
303 930 442 987 horribile
463 930 571 1004 eampis
591 930 780 1005 petentibus:
808 929 897 1005 sequi,
922 931 1038 1006 fugere3

151 1027 252 1098 occidi,
273 1026 352 1101 cepi3
381 1025 457 1100 equi,
477 1025 535 1082 viri
554 1025 684 1082 adflicti:
705 1044 740 1081 eo
756 1025 850 1095 multi,
869 1025 1040 1083 vulneribus

151 1123 284 1198 soeeptis,
301 1139 394 1196 neque
408 1120 507 1195 fugere
520 1139 609 1195 posse,
625 1139 718 1194 neque
732 1122 862 1196 quietem
881 1123 944 1198 peti
952 1141 962 1194 3
982 1125 1040 1180 niti

153 1218 247 1287 modo,
262 1236 295 1272 ae
313 1216 413 1272 statim
425 1214 592 1272 concidere:
613 1221 758 1290 postremo
772 1215 878 1287 omnis,
889 1236 947 1292 qus
960 1218 1040 1274 visus

152 1319 224 1384 eret,
246 1317 394 1369 constrata
411 1310 484 1380 telis,
508 1310 604 1380 ermis,
629 1310 817 1369 cadaveribus
823 1331 833 1383 3
856 1317 886 1368 et
906 1311 985 1370 inter
1005 1332 1040 1373 ee

152 1410 261 1468 humus
274 1410 381 1467 infecte
393 1409 540 1484 sunguine

213 1505 281 1564 ΟΠ.
325 1505 431 1563 Postea
451 1502 631 1574 loeieonsul,
650 1503 834 1561 hauddubie
851 1504 914 1579 jem
935 1505 1040 1572 vietor,

154 1603 288 1678 pervenit
307 1601 339 1657 in
357 1599 494 1674 oppidum
513 1597 633 1668 Cirtam,
655 1618 714 1674 quo
733 1599 819 1656 initio
835 1600 980 1674 profectus
998 1601 1041 1657 in·

155 1700 296 1756 tenderet.
339 1696 383 1753 Eo
400 1701 466 1771 post
483 1694 561 1751 diem
583 1694 728 1769 quintum,
744 1714 831 1769 quem
851 1696 958 1752 iterum
978 1696 1041 1752 bar-

154 1793 218 1851 buri
239 1792 315 1849 mele
335 1794 544 1866 pugnaverant,
564 1788 653 1862 legati
671 1809 689 1845 s
707 1789 820 1845 Boccho
838 1789 968 1856 veniunt,
989 1790 1041 1865 qni

155 1889 230 1964 regis
244 1886 339 1946 verbis
352 1887 388 1942 ab
409 1884 506 1942 Mario
518 1884 655 1959 petivere,
679 1884 762 1941 “duo
781 1903 870 1959 quam
888 1885 1041 1943 fidissimos

155 1986 193 2045 ad
213 2003 280 2041 eum
301 1982 451 2047 mitteret:
479 1980 554 2037 velle
574 1980 610 2036 de
630 1998 668 2049 se,
688 1980 774 2036 etde
794 1981 895 2056 populi
914 1980 1042 2041 Romani

156 2079 312 2150 commodo,
327 2097 394 2134 eum
408 2076 444 2133 iis
456 2074 622 2132 disserere!²
658 2075 714 2132 Illo
727 2078 826 2133 stetim
842 2076 873 2137 L.
887 2077 999 2134 Sullam
1013 2085 1043 2136 et

156 2180 196 2236 A.
211 2176 358 2234 Manlium
375 2174 418 2230 ire
431 2172 525 2247 jubet
567 2172 626 2241 Qui
642 2191 819 2247 quamquem
841 2173 928 2231 sediti
947 2175 1040 2245 ibunt,

156 2280 255 2330 tamen
268 2271 378 2347 placuit
392 2271 480 2324 verbu
492 2268 569 2343 apud
583 2287 681 2343 regem
695 2269 786 2347 faeere
793 2289 802 2340 ;
823 2270 973 2345 ingenium
991 2280 1043 2329 aut

157 2388 290 2431 eversum
306 2370 350 2425 uti
363 2368 519 2435 flecterent,
534 2373 587 2423 ant
599 2367 738 2442 cupidum
751 2367 831 2442 pacis
841 2369 1043 2427 vehementius

156 2467 353 2524 eneenderent.
396 2463 504 2540 Itaque
518 2463 607 2536 Sulis,
617 2465 700 2539 eujus
713 2464 862 2535 facundiae,
879 2485 939 2522 non
953 2467 1042 2537 aetsti,

157 2561 297 2622 aiMsnlio
311 2579 484 2631 eoncessum,
500 2579 591 2636 panes
603 2560 692 2617 verba
701 2559 900 2635 hujuscemodi
913 2561 1043 2622 loeutus:

160 2658 255 2715 “Rex
274 2657 394 2724 Bocche,
415 2674 520 2731 magna
539 2657 622 2713 nobis
637 2655 742 2713 laetitia
758 2663 811 2729 est,
825 2676 892 2714 eum
909 2664 940 2714 te
955 2657 1044 2715 telem

158 2753 256 2809 virum
268 2752 300 2809 di
312 2766 459 2821 monuere,
473 2752 518 2808 uti
531 2751 689 2827 aliquando
702 2772 808 2827 paoem,
824 2772 912 2829 quam
925 2753 1042 2822 bellum,

159 2848 278 2907 malles:
302 2866 361 2904 neu
384 2854 415 2904 te
436 2848 580 2922 optimum
602 2866 669 2908 eum
687 2848 812 2924 pessimo
836 2849 967 2905 omnium
990 2845 1045 2903 Ju,

158 2942 266 3018 gurtha
279 2941 425 3000 miscendo
444 2942 667 2999 eommseulsres
677 2961 687 3013 3
707 2942 795 3001 simul
814 2942 898 3001 nobis
917 2943 1046 2999 demeres

159 3040 292 3097 seerbam
311 3038 562 3110 necessitudinem,
575 3038 684 3114 pariter
697 3044 728 3096 te
747 3044 893 3096 errantem
913 3037 1046 3097 stillum

159 3135 411 3193 sceleratissimum
429 3134 574 3210 persequi.
614 3133 666 3192 Ad
693 3134 755 3205 hoe,
783 3133 890 3210 populo
914 3131 1047 3188 Romano

157 3233 220 3305 jem
243 3251 261 3287 a
283 3231 424 3306 principio
447 3227 550 3310 [inopi]
571 3230 676 3288 melius
696 3230 800 3298 visum,
820 3228 935 3299 amieos,
961 3247 1048 3304 quem

161 3343 267 3399 pervos,
291 3343 434 3400 querere:
456 3324 550 3383 tutius
563 3324 621 3387 neti
635 3324 806 3397 volentibus,
822 3341 912 3401 quem
930 3324 1046 3401 essetis,
