2426 3790
358 234 579 297 sacrosan]
602 235 834 296 JUGUBTHA.
1001 240 1039 299 23

154 397 329 449 censuerant
343 392 449 467 Italici,
465 391 642 449 deditionem
656 391 734 449 facit.
774 390 925 466 Iugurtha
937 391 971 448 in
983 393 1040 467 pri-

153 491 211 551 mis
234 488 433 546 Adherbalem
455 489 654 546 excruciatum
680 493 785 545 necat:
814 488 919 546 deindo
945 490 1040 548 omnis

154 587 286 661 puberes,
301 584 451 642 Numidas
462 590 493 642 et
508 585 701 660 nogotiatores
718 587 889 661 promiscue,
903 587 950 644 uti
962 588 1040 664 quis

155 700 214 757 que
226 681 346 739 armatis
359 679 579 750 obviasfuerat,
595 680 749 739 interfecit

215 777 360 836 XXVII
383 853 387 859 ι
402 777 487 846 Quod
499 783 651 853 postquam
665 777 767 837 Romae
781 780 929 855 cognitum
942 786 994 854 est,
1009 780 1041 840 et

155 892 202 929 res
224 873 257 929 in
278 878 381 931 senatu
403 873 510 948 agitari
530 878 630 948 coepto,
652 862 730 931 idem
752 874 798 931 illi
817 876 945 935 ministri
964 879 1039 954 regis

156 970 376 1046 interpellando,
400 988 434 1027 ac
456 989 531 1044 saepe
552 970 654 1046 gratia,
679 970 829 1029 interdum
851 973 957 1050 Jurgiis
983 981 1040 1031 tra
1089 1029 1093 1035 .

156 1066 252 1123 hendo
274 1073 397 1142 tempus,
421 1067 603 1124 atrocitatem
629 1066 700 1123 facti
726 1066 882 1126 leniebant.
923 1069 979 1141 Ac,
1007 1071 1039 1127 ni

150 1162 189 1218 0.
211 1161 377 1233 Memmius,
399 1161 534 1218 tribunus
551 1162 645 1237 plebis
662 1162 836 1237 designatus,
854 1164 901 1219 vir
916 1182 989 1236 acer,
1009 1172 1040 1222 et

156 1257 279 1314 infestus
296 1256 434 1332 potentiae
449 1257 620 1328 nobilitatis,
635 1258 775 1341 populum
792 1256 958 1315 Romanum
975 1261 1039 1318 edo

154 1352 270 1426 auisset,
291 1370 324 1409 11)
344 1338 397 1410 n'or
416 1369 468 1411 prr
489 1369 546 1410 ens
564 1369 676 1411 raucos
694 1368 850 1411 suerrosos
865 1353 887 1411 J
889 1369 1040 1414 uenarum

157 1467 263 1509 acanus
282 1466 526 1521 corcomenon,
551 1450 679 1524 profecto
700 1450 793 1506 omnis
816 1449 928 1507 invidia
947 1451 1039 1526 prola

158 1547 255 1603 tendis
270 1546 528 1603 consultationibus
541 1545 653 1620 dilapsa
666 1552 748 1603 erat:
769 1544 853 1603 tanta
868 1546 913 1602 vis
928 1547 1037 1621 gratiae,

156 1651 244 1719 atque
267 1643 395 1720 pecuniae
417 1644 500 1718 regis
542 1642 607 1714 sed,
636 1643 688 1700 ubi
713 1648 831 1700 senatus
853 1643 953 1702 delicti
975 1661 1040 1699 con-

156 1741 276 1797 scientia
293 1739 432 1815 populum
450 1740 543 1808 timet,
561 1738 624 1813 lege
637 1738 808 1814 Sempronia
823 1738 979 1814 provincias
997 1737 1040 1797 fu·

156 1837 231 1894 turis
250 1838 415 1894 consulibus
434 1836 576 1893 Numidia
592 1841 681 1910 atque
700 1835 790 1892 Italia
812 1837 953 1899 decretae:
974 1859 1040 1897 cone

156 1935 233 1991 sules
250 1933 434 1990 declarantur
452 1932 485 1990 P.
508 1932 605 2007 Scipio
622 1931 736 2002 Nasica,
757 1932 790 1990 L.
807 1932 906 1990 Bestia
920 1934 1039 2012 Calpur·

155 2028 242 2084 nius:
271 2026 427 2101 Calpurnio
453 2025 603 2096 Numidia,
631 2024 761 2101 Scipioni
784 2025 873 2083 Italia
898 2028 1037 2086 obvenit:

47 2184 58 2201 ,
156 2124 261 2181 deinde
273 2123 426 2190 exercitus,
441 2121 492 2196 qui
506 2122 538 2177 in
548 2121 682 2178 Africam
695 2127 867 2196 portaretur,
883 2122 1037 2185 scribitur:

157 2219 341 2294 stipendium,
356 2219 423 2288 alia,
436 2236 501 2292 quas
515 2217 590 2274 bello
602 2218 669 2274 usui
681 2218 785 2289 forent,
800 2218 1003 2276 decernuntur.

215 2314 374 2373 XXVIII.
417 2315 463 2370 At
479 2312 636 2389 Jugurtha,
655 2319 756 2371 contm
772 2332 853 2388 spem
869 2314 978 2371 nuncio
995 2327 1039 2372 ac·

155 2417 246 2486 cepto,
269 2411 376 2487 quippe
391 2410 447 2482 cui,
462 2411 563 2468 Romae
579 2411 677 2468 omnia
694 2418 802 2466 venum
819 2409 870 2481 ire,
889 2410 922 2466 in
941 2413 1038 2469 animo

155 2507 285 2578 haeserat,
299 2507 400 2576 filium,
417 2511 448 2563 et
464 2523 530 2561 cum
545 2524 580 2562 eo
597 2505 655 2561 duo
672 2504 836 2574 familiares,
851 2505 888 2561 ad
905 2513 1038 2564 senatum

156 2603 265 2678 legatos
282 2604 393 2660 mittit:
413 2602 522 2677 hisque,
539 2607 572 2658 ut
588 2601 655 2670 illis,
674 2619 747 2676 quos
761 2600 932 2677 Hiempsale
949 2603 1038 2661 inter-

155 2698 231 2756 fecto
244 2697 370 2769 miserat,
389 2697 533 2773 pracepit,
549 2700 674 2753 “omnes
693 2696 828 2752 mortales
848 2697 970 2772 pecunia
989 2699 1037 2755 ad·

156 2793 351 2871 gradiantur.’'
392 2794 452 2864 Qui
467 2798 621 2869 postquam
635 2792 759 2849 Romam
778 2792 983 2865 adventabant,
998 2813 1038 2851 se

156 2898 242 2950 natus
265 2911 284 2948 a
310 2891 410 2948 Bestia
432 2890 580 2946 consultus
609 2893 661 2960 est,
694 2904 882 2945 rnncmmnn
909 2904 1038 2945 nnonros

154 2989 330 3046 Jocuarnn
355 3003 455 3044 sacrm
481 3001 637 3043 ammaus:
665 2984 745 3059 iique
768 2985 925 3053 decrevere,
955 2983 1038 3038 “nisi

155 3102 278 3158 regnum
301 3083 453 3158 ipsumque
476 3081 606 3138 deditum
629 3080 785 3149 venissent,
810 3078 856 3134 uti
882 3078 914 3133 in
936 3076 1037 3135 diebus

155 3180 296 3255 proximis
314 3178 413 3236 decem
428 3177 519 3237 Italia
535 3174 730 3234 decederent”
772 3173 880 3231 Consul
900 3172 1038 3231 Numidis

155 3295 194 3332 ex
207 3274 302 3331 senati
313 3274 429 3331 decreto
441 3271 575 3329 nunciari
583 3271 670 3346 jubet
682 3290 688 3328 :
708 3271 752 3331 ita
767 3268 882 3325 infectis
895 3269 981 3325 rebus
993 3268 1039 3325 illi

151 3370 274 3427 domum
293 3369 450 3426 discedunt
493 3368 618 3425 Interim
636 3365 817 3441 Calpurnius,
836 3371 937 3439 parato
958 3383 1037 3421 exer-
