2426 3786
344 264 569 326 SALLUSI'II
595 261 802 329 caularum,
982 262 1018 321 15

127 417 263 496 polliceri
290 417 406 475 tabulas
428 435 528 488 noras,
555 415 795 491 proscriptionem
819 414 1016 490 locupletium,

127 515 331 590 magistratus,
340 512 508 583 sacerdotia,
518 512 642 587 rapinas,
655 510 714 569 clia
726 510 825 567 omnia
834 530 899 586 quae
908 510 1018 569 bellum

128 616 219 686 atque
228 609 330 667 lubido
339 608 482 666 victorum
492 607 558 667 fert.
600 607 747 667 Praeterea
760 608 862 665 cassin
872 607 1019 684 Hispania

127 706 264 764 citeriore
278 705 423 775 Pisonem,
439 703 474 759 in
487 702 675 760 Mauretania
687 722 754 761 oum
767 703 898 762 exercitu
911 702 946 765 Ρ.
961 703 1018 767 Sit,-

128 803 206 860 tium
220 801 410 870 Nucerinum,
424 799 539 856 consilii
551 800 598 856 sui
610 799 785 876 participes3
805 805 903 875 petere
917 818 1017 858 consu·

127 896 223 954 latum
235 895 269 954 Ο.
284 894 459 964 Antonium,
473 912 561 969 quem
574 893 631 949 sibi
644 893 784 968 collegam
800 893 862 952 fore
878 901 1015 970 speraret,

127 993 277 1051 hominem
297 998 329 1050 et
347 992 528 1065 familiarem,
550 998 581 1050 et
600 992 736 1055 omnibus
756 993 1016 1052 necessitudinibus

128 1092 377 1149 circumventum:
404 1108 472 1148 cum
491 1108 526 1146 eo
545 1108 577 1146 se
596 1089 743 1149 consulem
769 1089 889 1148 initium
911 1091 1015 1167 agendi

128 1188 282 1253 facturum.
323 1187 375 1245 Ad
388 1187 450 1258 hoo,
465 1187 627 1245 maledictis
639 1186 771 1263 increpat
789 1207 889 1246 omnes
906 1190 996 1249 bonm
1003 1208 1013 1264 ς

127 1303 248 1341 suorum
260 1303 498 1361 unumquemque
514 1285 669 1357 nominans
685 1284 822 1343 laudare:
842 1286 1016 1347 admonebat

127 1380 221 1438 ulium
235 1382 380 1457 egestatis,
395 1381 487 1438 alium
501 1382 672 1457 cupiditatis
685 1400 752 1452 sum,
767 1381 929 1457 complures
942 1385 1017 1459 peri-

127 1477 189 1534 culi
206 1483 261 1533 aut
279 1477 456 1552 ignominias,
477 1476 586 1535 multos
604 1476 733 1534 victoriae
754 1475 890 1547 Sullana,
911 1478 1016 1552 quibus

127 1592 166 1630 ea
178 1574 282 1649 praedce
299 1574 403 1632 fuerat
446 1572 608 1648 Postquam
627 1573 759 1631 omnium
778 1572 890 1629 animos
909 1572 1016 1630 alacres

127 1669 218 1741 videt,
238 1669 407 1728 cohortatus
425 1675 461 1728 ut
480 1670 653 1746 petitionem
672 1687 756 1726 suam
772 1687 848 1726 ouras
866 1667 1014 1741 haberent,

127 1771 305 1833 conuentum
319 1764 438 1824 dimisit.

188 1861 298 1920 XXII
340 1862 435 1920 Fuere
454 1880 489 1919 ea
508 1867 681 1938 tenpestate
695 1858 748 1937 qui
761 1857 900 1929 dicerent,
915 1859 1015 1927 Catili-
1052 1875 1055 1883 ·

126 1957 352 2030 numeratione
373 1958 481 2028 habita,
503 1976 570 2015 oum
588 1957 626 2014 ad
642 1955 850 2032 jusjurandum
864 1953 1015 2030 populares

126 2054 243 2113 sceleris
255 2056 302 2113 sui
320 2056 458 2132 adigeret,
472 2053 596 2112 humani
609 2053 737 2129 corporis
750 2049 930 2126 sauguinem,
945 2049 1015 2106 rino

127 2152 316 2229 permixtum,
335 2150 369 2208 in
388 2150 496 2228 pateris
517 2149 728 2208 circumuuiae
737 2167 747 2220 ;
774 2147 843 2205 inde
862 2165 930 2206 cum
949 2152 1015 2221 post

128 2248 356 2305 exsecrationem
372 2265 473 2305 omnes
492 2245 731 2320 degustavissent,
748 2244 824 2301 sicut
836 2243 868 2300 in
881 2241 1015 2299 solemni-

128 2344 182 2402 bus
202 2345 291 2403 sacris
308 2343 376 2402 fieri
394 2343 554 2414 consuerit,
582 2341 728 2418 aperuisse
748 2338 901 2397 consilium
920 2357 1013 2408 suum,

127 2450 216 2521 atque
242 2462 284 2514 eo,
313 2442 454 2513 dictitare,
481 2440 589 2511 fecisse,
618 2458 677 2516 quo
697 2437 777 2495 inter
795 2455 827 2494 se
845 2436 898 2494 fidi
922 2435 1014 2510 magia

127 2541 232 2612 forent,
248 2538 323 2596 alius
334 2537 385 2595 alii
398 2536 477 2594 tanti
489 2536 626 2593 facinoris
639 2533 753 2592 conscii.
788 2529 935 2590 Nonnulli
946 2531 1015 2589 ficta

126 2640 158 2691 et
176 2634 247 2706 haec,
268 2638 299 2690 et
317 2632 411 2689 multa
430 2636 576 2708 praterea,
597 2628 811 2696 existimabant,
831 2627 868 2683 ab
886 2624 942 2698 bis,
962 2626 1014 2702 qui

129 2730 275 2788 Ciceronis
294 2728 444 2801 invidiam,
465 2746 529 2804 quac
549 2732 649 2803 postea
667 2730 733 2782 orta
752 2730 805 2795 est,
820 2721 907 2780 leniri
920 2720 1014 2778 crede·

127 2827 200 2884 bant
225 2828 380 2884 atrocitate
406 2825 521 2882 sceleris
543 2841 652 2895 eorum,
673 2820 726 2896 qui
745 2837 845 2895 peenas
864 2818 1011 2875 dederant

126 2922 223 2982 Nobis
236 2942 271 2982 ea
283 2943 330 2982 res
342 2942 396 3001 pro
409 2919 612 2998 magnitudine
624 2936 729 2995 parum
742 2919 891 2990 comperta
903 2918 956 2970 est.

24 3070 45 3089 ..
127 3035 131 3067 ³
186 3020 315 3079 XXIII.
357 3019 415 3077 Sed
436 3019 470 3075 in
488 3035 524 3074 ea
542 3014 743 3091 conjuratione
761 3012 821 3069 fuit
840 3009 874 3078 Q.
897 3006 1012 3079 Curius,

125 3124 214 3175 natus
239 3116 318 3175 haud
344 3116 465 3174 obscuro
490 3115 561 3185 loco,
585 3111 706 3187 flagitiis
727 3115 816 3185 atque
838 3103 1014 3163 facinoribus

26 3264 37 3281 .
127 3219 296 3291 coopertus3
315 3231 402 3288 quem
422 3229 553 3269 censores
572 3213 677 3266 senatu
694 3205 795 3283 probri
811 3200 906 3278 gratia
918 3218 1014 3258 move·

127 3315 202 3368 rant
232 3307 314 3365 Huic
325 3305 438 3364 homini
451 3324 511 3363 non
523 3304 622 3363 minor
633 3302 757 3373 vanitas,
772 3316 861 3375 quam
873 3295 992 3381 audacia
1002 3316 1011 3368 3

128 3422 222 3481 neque
231 3402 360 3473 reticere,
372 3418 436 3478 qun
446 3401 586 3473 audierat,
598 3417 693 3476 neque
705 3397 819 3456 memet
830 3391 893 3470 ipse
906 3381 1013 3450 scelera
