2426 3790
323 255 546 318 SALLUSTII
568 255 595 313 J
598 253 806 317 nouum
967 255 1003 313 61

119 407 218 466 omnia
235 408 372 485 jumenta
397 407 517 465 sarcinis
538 405 630 464 levari
651 406 746 482 jubet,
772 405 830 464 niei
859 405 1006 463 frumento

118 512 234 570 dierum
257 511 375 570 decem:
399 519 528 569 ceterum
554 516 635 568 utres
661 510 755 582 modo,
780 515 811 567 et
836 509 895 566 ulia
923 528 1005 586 aquae

119 610 226 668 idonee
248 608 366 685 portari.
416 607 561 665 Praeterea
587 607 733 683 conquirit
753 626 791 664 ex
817 607 894 682 agris
917 624 1006 682 quam

46 778 49 779 ⁷
118 706 280 783 plurimum
299 710 395 781 potent
414 704 519 761 domiti
538 703 663 780 peeoris5
685 723 774 779 eoque
794 703 920 779 imponit
937 721 1006 760 vasa

119 802 259 878 cujusque
281 801 366 873 modi,
390 800 527 876 pleraque
549 800 653 875 lignea,
676 799 795 856 collecta
820 819 859 858 ex
881 800 1006 876 tuguriis

29 937 32 941 <
119 901 327 958 Numidarum.
368 890 419 955 'Ad
433 899 495 969 hoo,
517 897 651 955 finitimis
670 899 804 973 imperat,
825 896 877 973 qui
896 916 927 954 ee
940 906 1006 973 poet

118 997 195 1073 regie
207 997 307 1072 iugem
322 995 444 1053 Metello
454 995 599 1064 dederant,
609 1014 696 1071 quam
711 995 869 1070 plurimum
883 994 1006 1071 quisque

119 1112 202 1169 equae
222 1097 391 1170 portarent3
411 1091 488 1148 diem
508 1089 669 1166 locumque,
690 1090 742 1146 ubi
762 1097 867 1167 praesto
885 1090 1003 1160 fuerint,

118 1187 257 1263 praedicit
301 1185 369 1261 Ipse
390 1204 428 1242 ex
453 1185 582 1257 flumine,
604 1204 692 1260 quam
712 1184 877 1260 proximam
900 1185 1005 1262 oppido

119 1290 226 1359 aquam
246 1301 335 1358 supra
358 1282 494 1353 diximus,
507 1282 642 1358 jumenta
658 1288 775 1338 onerat:
796 1301 829 1338 eo
855 1283 940 1339 modo
962 1282 1005 1338 in·

120 1386 248 1437 structus
268 1380 306 1436 ad
324 1378 446 1436 Thalam
466 1377 665 1454 profioieoitur.
708 1377 832 1449 Deinde,
847 1377 898 1434 ubi
917 1377 955 1434 ad
974 1377 1005 1435 id
1080 1427 1085 1433 .

120 1477 177 1534 loei
196 1482 326 1547 ventum,
341 1494 400 1551 quo
413 1473 552 1531 Numidis
564 1478 746 1550 praeceperat,
761 1480 792 1531 et
804 1479 899 1531 eastra
911 1475 1005 1550 posita

120 1572 292 1648 munitaque
311 1578 390 1646 eunt,
411 1577 494 1628 tanta
514 1576 633 1646 repente
653 1570 723 1628 ooelo
751 1571 839 1628 missa
857 1570 901 1627 vie
922 1590 1005 1647 aquae

10 1696 12 1707 ν
119 1671 236 1741 dicitur,
257 1676 293 1726 ut
317 1688 352 1726 ea
376 1669 461 1725 modo
487 1668 631 1726 exercitui
656 1668 728 1725 satie
755 1687 899 1744 superque
920 1669 1003 1726 foret.

122 1767 269 1823 Pireterea
288 1771 468 1822 commeatus
487 1782 538 1840 epe
558 1764 682 1840 amplior
686 1784 696 1836 ;
718 1764 788 1839 quia
809 1764 954 1835 Numidae,
968 1763 1004 1820 ai-

120 1865 181 1922 outi
203 1863 335 1941 plerique
355 1862 388 1919 in
409 1880 487 1918 nova
508 1860 663 1932 deditione,
692 1861 785 1918 offioie
808 1861 1003 1919 intenderant.

120 1961 257 2018 Ceterum
277 1958 394 2031 milites,
415 1957 563 2034 religione,
583 1957 684 2032 pluvia
705 1957 796 2032 magis
819 1957 884 2014 usi:
914 1977 1005 2034 eaque

119 2077 166 2115 ree
178 2056 307 2113 multum
322 2054 428 2112 animis
447 2073 548 2112 eorum
566 2053 681 2111 addidit
686 2074 696 2126 3
717 2073 785 2110 nam
798 2053 864 2126 rati,
879 2073 941 2111 eeee
960 2053 1005 2110 die
1040 2072 1042 2077 ·

120 2134 333 2209 immortalibus
354 2169 429 2208 ourae
453 2168 522 2209 esee.
551 2149 666 2208 Deinde
689 2156 804 2226 postero
826 2149 882 2222 die,
904 2156 1005 2207 contra

12 2294 14 2297 ,
119 2246 285 2322 opinionem
307 2244 472 2320 iugurthae,
491 2244 529 2301 ad
546 2244 667 2302 Thalam
686 2246 868 2321 perveniunt
918 2245 1005 2322 Oppi-

120 2342 198 2414 dani,
219 2341 270 2416 qui
289 2360 320 2398 ee
339 2339 468 2398 looorum
487 2342 643 2416 asperitate
663 2342 795 2398 munitos
813 2342 1003 2414 crediderant,

120 2457 226 2514 magne
238 2443 325 2514 atque
338 2436 457 2494 insolita
469 2455 501 2494 re
514 2436 647 2513 perculsi,
661 2436 755 2494 nihilo
768 2437 883 2513 segnius
895 2437 1005 2495 bellum

120 2552 238 2609 parare:
258 2534 340 2590 idem*
350 2534 444 2590 nostri
457 2532 559 2591 iaoere.

179 2628 332 2686 LXXVI.
374 2628 431 2686 Sed
457 2647 518 2699 rex,
545 2628 620 2685 nihil
638 2629 701 2705 jam
721 2629 862 2686 infertum
883 2629 1005 2689 Metello

120 2726 246 2797 eredens,
266 2726 374 2801 quippe
391 2726 443 2800 qui
461 2727 565 2796 omnia,
581 2745 668 2797 arma,
683 2727 749 2799 tela,
765 2727 849 2800 locos,
864 2734 1002 2805 tempora,

120 2822 245 2898 denique
255 2822 499 2898 naturamipeam,
511 2824 613 2881 ceteris
624 2825 849 2900 imperitantem,
861 2826 1005 2883 industria

120 2919 238 2990 rioerat,
250 2936 317 2975 eum
331 2917 431 2975 liberie
443 2924 474 2975 et
486 2938 590 2995 magua
604 2927 686 2995 parte
699 2923 828 2997 pecuniae
841 2941 880 2978 ex
899 2924 1005 2998 oppido

120 3021 210 3072 noctu
223 3014 367 3091 profugit:
389 3034 484 3090 neque
500 3024 600 3091 postea
612 3017 645 3073 in
659 3017 719 3073 ullo
733 3018 795 3074 loeo
808 3017 933 3092 amplius
945 3037 1004 3075 uno

121 3116 174 3185 die,
197 3120 250 3171 aut
273 3133 333 3171 una
360 3119 446 3172 noete
472 3122 609 3185 moratus,
630 3110 786 3172 simulabat
812 3134 872 3172 sese
895 3115 1004 3189 negotii

120 3211 215 3287 gretia
227 3228 381 3286 properare
386 3228 396 3282 3
415 3220 545 3267 ceterum
558 3210 751 3287 proditionem
771 3211 901 3280 timebat,
916 3229 1003 3286 quam

15 3376 16 3383 ἵ
121 3313 215 3367 vitare
228 3328 311 3386 poree
324 3309 471 3367 eeleritate
484 3312 623 3386 putabat:
644 3329 711 3368 nam
726 3310 797 3366 talia
815 3309 934 3366 consilia
952 3329 1004 3387 per

120 3409 224 3478 otium,
245 3413 276 3462 et
303 3424 341 3462 ex
354 3406 572 3482 opportunitate
598 3409 670 3483 oapi.
715 3407 761 3463 At
779 3405 926 3477 Meteilus,
952 3407 1004 3464 ubi
