2426 3790
196 257 233 315 32
391 255 618 316 ..rALLUSTH
642 253 880 317 JUGUBI'HA.

147 432 150 439 ·
195 411 291 484 armis,
316 417 369 469 aut
391 412 546 484 deditione,
569 418 622 469 aut
644 413 747 489 quovis
769 414 856 471 modo
879 405 998 471 bellum¹
1014 432 1085 473 oon·

193 509 300 566 ficeret.
341 509 388 565 At
407 515 508 565 contra
525 509 675 585 Iugurtha
691 511 807 568 trahere
825 512 930 582 omnia,
948 518 979 570 et
998 513 1082 586 alias,

194 604 299 662 deinde
319 605 391 662 alias
414 624 501 663 morae
525 626 637 665 caussas
663 609 776 667 faeere:
803 610 934 685 polliceri
960 611 1084 669 deditio·

193 717 269 771 nem,
292 719 326 758 ac
347 702 451 760 deinde
471 709 583 761 metum
605 706 759 764 simulare:
783 705 906 765 instanti
929 709 1029 766 cedere
1049 717 1083 767 et

193 797 292 869 paullo
308 803 381 873 post,
399 817 437 856 ne
449 800 495 856 sui
510 800 681 873 diffiderent,
696 802 824 861 instare:
843 804 886 861 ita
901 804 971 862 belli
984 806 1081 877 modo,

193 893 279 949 modo
297 893 376 968 pacis
393 912 482 965 mora,
503 897 650 953 consulem
668 897 817 955 ludificari
858 900 906 956 Ao
921 900 1010 972 fuere,
1028 902 1082 976 qui

193 998 258 1046 tum
279 989 425 1047 Albinum
447 991 525 1050 haud
546 993 681 1069 ignarum
701 995 814 1051 consilii
836 995 913 1071 regis
934 997 1082 1053 existima
1196 1054 1198 1065 ,

193 1093 268 1157 rent,
288 1105 382 1162 neque
405 1107 442 1145 ex
461 1094 547 1146 tanta
565 1076 750 1166 properantia
768 1097 829 1148 tam
850 1091 933 1150 facile
950 1097 1081 1150 tractum

193 1183 303 1241 bellum
325 1186 452 1243 secordia
477 1188 576 1263 magis,
604 1176 693 1263 quam
718 1187 793 1258 dolo,
821 1188 979 1245 crederent.
1022 1189 1080 1246 Sed

193 1288 353 1358 postquam,
376 1283 487 1359 dilapso
503 1289 640 1359 tempore,
660 1284 843 1340 comitiorum
863 1283 924 1340 dies
943 1284 1081 1340 adventa·

193 1381 252 1451 bat,
268 1379 404 1450 Albinus,
419 1380 501 1436 Aulo
514 1381 605 1436 fratre
617 1381 649 1436 in
660 1381 761 1437 castris
774 1385 956 1456 propraetore
966 1379 1078 1453 relicto,

194 1473 319 1531 Romam
333 1475 461 1535 decessit.

252 1570 427 1628 XXXVII.
470 1570 514 1628 Ea
547 1576 719 1646 tempestate
756 1571 857 1629 Roma
888 1571 1080 1630 seditionibus

193 1667 358 1724 tribuniciis
377 1668 514 1725 atrociter
530 1669 691 1743 respublica
707 1669 882 1745 agitabatur.
923 1667 956 1724 P.
972 1667 1079 1757 Luepl-

112 1788 115 1791 ·
193 1764 240 1820 lus
252 1769 284 1819 et
297 1762 330 1821 L.
345 1763 472 1834 Annius,
489 1765 717 1841 tribuniplebis,
735 1764 935 1822 resistentibus
951 1764 1077 1839 collegis,

194 1861 364 1918 continuare
400 1860 603 1936 magistratum
637 1862 826 1920 nitebantur:
854 1879 919 1937 quae
939 1860 1079 1917 dissensio

192 1958 284 2014 totius
307 1956 378 2013 anui
400 1956 518 2014 comitia
539 1956 722 2033 impediebat
764 1956 810 2013 Ea
834 1975 917 2013 mora
942 1957 974 2012 in
998 1973 1078 2031 spem

192 2053 335 2110 adductus
349 2051 456 2123 Aulus,
469 2071 556 2128 quem
572 2059 762 2128 propraetore
777 2054 810 2109 in
823 2052 924 2110 castris
943 2051 1079 2109 relictum

193 2168 280 2224 supra
296 2148 432 2220 diximus,
452 2156 505 2206 aut
521 2150 691 2206 conficiendi
707 2150 783 2219 belli,
803 2155 856 2206 aut
874 2157 983 2206 terrore
999 2166 1080 2205 exer-

193 2245 267 2302 citus
283 2245 321 2302 ab
336 2263 402 2320 rege
421 2245 551 2321 pecunia
570 2247 722 2321 capienda,
741 2247 849 2304 milites
867 2265 964 2304 mensa
985 2244 1078 2303 Ianu-

193 2342 255 2397 ario
272 2360 310 2398 ex
327 2340 457 2398 hibernis
478 2343 510 2399 in
526 2343 740 2419 expeditionem
761 2348 883 2415 evocat3
901 2341 1013 2418 magnis
1030 2342 1078 2398 iti·

193 2439 319 2512 neribus,
341 2440 436 2498 hieme
456 2460 563 2517 aspera,
584 2443 719 2517 pervenit
739 2443 777 2499 ad
800 2442 938 2517 oppidum
961 2439 1077 2511 Suthul,
1195 2502 1196 2529 1

193 2535 245 2592 ubi
262 2537 338 2611 regis
353 2536 482 2595 thesauri
498 2544 588 2608 erant.
632 2537 717 2606 Quod
731 2557 907 2614 quamquam
924 2542 954 2595 et
967 2535 1079 2594 saevitia
1195 2534 1196 2561 ¹

194 2632 340 2706 temporis,
372 2638 401 2690 et
428 2635 646 2710 opportunitate
672 2634 735 2706 loci,
763 2653 858 2709 neque
884 2633 956 2709 capi,
984 2652 1078 2708 neque

194 2728 319 2785 obsideri
336 2734 458 2805 poterat,
480 2729 561 2809 (nam
579 2731 688 2789 circum
706 2750 833 2801 murum,
855 2731 945 2788 situm
961 2730 994 2787 in
1010 2748 1080 2805 pra·

193 2826 275 2901 rupti
284 2828 391 2884 montis
401 2834 540 2900 extremo,
552 2828 689 2904 planities
701 2828 804 2885 limosa
815 2826 989 2883 hiemalibus
997 2826 1079 2902 aquis
1158 2813 1163 2829 ’

192 2922 328 2999 paludem
353 2921 480 3002 fecerat)
501 2929 608 2995 tamen,
637 2929 689 2981 aut
715 2921 872 2980 simulandi
893 2922 996 2999 gratia,
1022 2940 1079 2997 quo

193 3019 256 3094 regi
275 3018 458 3076 formidinem
476 3019 602 3091 adderet,
624 3026 676 3076 aut
695 3019 830 3095 cupidine
850 3037 941 3076 cacus
960 3018 997 3074 ob
1017 3016 1079 3074 the·

194 3132 293 3172 sauros
314 3116 413 3192 oppidi
430 3115 573 3191 potiundi,
593 3115 695 3172 vineas
715 3133 807 3191 agere,
827 3133 961 3191 aggerem
974 3115 1077 3190 jacere,

194 3209 260 3281 alia,
275 3230 339 3286 qua
353 3211 468 3286 incepto
481 3211 549 3268 usui
561 3212 665 3283 forent,
680 3230 841 3288 properare.

254 3305 448 3363 XXXVIII.
462 3338 465 3345 ·
490 3306 536 3363 At
547 3306 704 3382 Iugurtha,
717 3307 834 3383 cognita
846 3305 978 3363 vanitate
990 3308 1079 3380 atque

195 3398 342 3478 imperitis
354 3402 451 3480 legati,
466 3402 603 3461 subdolus
619 3403 682 3481 ejus
697 3423 803 3482 augere
817 3404 992 3462 amentiam:
1010 3401 1078 3460 mis·
1192 3426 1193 3433 ¹
