2426 3790
175 243 212 301 52
373 239 476 299 snat
484 239 600 299 USI'II
623 239 650 297 J
653 239 856 301 UGURI'HA.

173 394 365 453 comminutas
379 413 452 453 esse:
474 393 544 451 satis
563 412 637 470 saepe
648 393 711 470 jam
725 400 755 452 et
769 395 910 453 virtutem
923 394 1063 466 militum,

172 498 203 549 et
210 493 357 549 fortunam
368 491 527 547 tentatam:
540 496 649 562 eaveat,
662 510 700 548 ne
708 490 1064 549 illoounotantoNnmidae

172 587 228 644 sibi
241 587 418 645 consulant.''
459 586 518 643 His
531 592 619 664 atque
632 587 740 644 talibus
754 587 819 643 aliis
832 585 870 644 ad
883 586 1063 644 deditionem

172 683 248 760 regis
277 683 408 739 animum
436 682 567 758 impellit
611 682 777 740 Mittuntur
800 682 837 739 ad
857 683 1063 759 imperatorem

171 779 279 854 legati:
309 778 361 854 qui
380 776 560 852 Iugurtham
588 778 732 854 imperata
755 777 902 834 facturum
921 777 1060 847 dioerent,

172 876 286 931 aesino
305 873 366 930 ulla
385 873 519 948 pactione
540 891 601 930 sese
624 892 803 948 regnumque
822 893 908 930 suum
928 873 961 930 in
981 872 1063 930 illius

172 968 259 1026 fidem
272 969 394 1027 tradere.
436 968 575 1026 Metellus
590 988 711 1045 propere
729 976 849 1027 cunctos
866 970 1003 1027 senatorii
1016 989 1063 1026 or·

161 1058 250 1120 'dinis
263 1083 301 1120 ex
313 1064 442 1123 hibernis
454 1065 587 1123 aeeersiri
595 1067 696 1142 jubet:
717 1085 817 1123 eorum
830 1071 918 1142 atque
928 1066 1061 1136 aliorum,

173 1180 245 1236 quos
259 1154 376 1218 idoneos
389 1161 521 1233 duosbat,
540 1162 693 1220 eonsilium
711 1161 806 1219 habet.
848 1161 898 1218 Ita
911 1181 990 1219 more
1002 1180 1064 1218 ma·

169 1255 276 1329 jorum,
298 1275 336 1312 ex
356 1257 469 1314 consilii
489 1256 612 1328 decreto,
634 1276 687 1333 per
705 1256 817 1333 legatos
832 1255 989 1332 Iugurthae
1009 1256 1064 1312 im-

172 1357 255 1425 perat
268 1352 382 1427 argenti
395 1353 491 1428 pondo
506 1353 632 1410 ducenta
647 1353 748 1424 millia,
769 1353 938 1428 elephantos
952 1371 1061 1423 omnes,

173 1465 313 1522 equorum
344 1453 374 1505 et
403 1468 549 1505 armorum
577 1448 767 1525 aliquantum.
816 1449 887 1518 Quae
907 1455 1064 1525 postquam

174 1544 237 1600 sine
255 1562 339 1600 mora
365 1544 442 1600 faota
462 1549 538 1616 sunt,
567 1545 652 1620 jubet
673 1564 773 1602 omnes
793 1546 927 1621 perfugas
946 1544 1063 1601 vinctos

173 1638 279 1696 adduci
288 1659 297 1711 ;
318 1658 418 1696 eornm
432 1659 537 1715 magna
556 1661 630 1718 pars,
652 1648 686 1700 ut
702 1643 817 1718 jussum
837 1648 908 1713 erat,
923 1640 1042 1698 adducti
1052 1661 1061 1711 3

173 1735 267 1808 pauci,
284 1753 351 1791 eum
370 1735 496 1811 primum
510 1738 619 1795 deditio
633 1740 728 1815 eoepit,
749 1738 787 1794 ad
803 1757 899 1813 regem
914 1737 1062 1794 Bocchum

173 1831 205 1885 in
220 1829 435 1889 Mametaniam
450 1833 598 1891 abierant*
625 1834 723 1911 Igitur
736 1833 894 1909 Iugurtha,
909 1833 961 1891 uti
973 1833 1062 1890 armis

174 1924 302 2001 virisque
315 1932 345 1983 et
357 1929 479 2002 pecunia
492 1929 633 2004 spoliatus
650 1936 702 2001 est,
714 1949 779 1987 cum
795 1931 858 2005 ipse
871 1929 908 1986 ad
922 1930 1064 2004 imperan-

173 2019 244 2076 dum
258 2019 401 2077 Tisidium
414 2029 575 2094 vocaretiu·,
590 2042 690 2080 rursus
705 2024 792 2099 ooepit
804 2024 918 2081 flectere
931 2023 1062 2079 animum

174 2135 267 2186 auum,
287 2121 318 2172 et
331 2136 368 2173 ex
381 2117 460 2174 mala
473 2120 648 2177 conscientia
662 2121 750 2196 digna
762 2121 873 2180 timere.
917 2120 1061 2196 Denique,

173 2211 277 2267 multis
290 2212 392 2269 diebus
399 2231 451 2288 per
464 2213 677 2272 dubitationem
687 2216 873 2291 consumptis,
892 2234 959 2272 oum
977 2214 1063 2272 modo

88 2304 91 2309 ’
174 2306 261 2362 taedio
281 2325 378 2363 rerum
398 2308 585 2366 adversarum
605 2311 703 2367 omnia
720 2311 796 2368 bello
809 2312 922 2387 potiora
935 2311 1061 2381 duceret,

174 2402 323 2460 interdum
339 2423 436 2461 seeum
456 2405 518 2481 ipse
530 2412 688 2482 reputaret,
706 2426 793 2483 quam
813 2407 910 2482 gravis
931 2425 1013 2464 casus
1030 2405 1061 2463 in

175 2498 328 2555 servitium
345 2519 383 2556 ex
399 2519 488 2575 regno
502 2501 596 2573 foret;
618 2502 719 2559 multis
735 2503 904 2577 magnisque
921 2500 1064 2578 praeaidiis

175 2593 370 2669 nequidquam
384 2596 512 2671 perditio,
528 2597 564 2653 de
577 2596 691 2671 integro
703 2597 810 2654 bellum
825 2595 922 2655 sumit
961 2595 1064 2652 Roma

175 2697 301 2760 senatus,
329 2689 365 2746 de
391 2691 548 2767 provinciis
570 2692 727 2764 consultus,
749 2692 922 2749 Numidiam
941 2690 1064 2748 Metello

176 2783 351 2840 decreverat.

236 2878 358 2938 LXIII.
401 2878 552 2939 Paridem
569 2888 684 2959 tompus
697 2881 795 2940 Utioae
813 2882 888 2938 forte
908 2879 940 2938 (i.
955 2879 1062 2949 Mario,

129 2970 139 2997 '
176 2994 229 3050 per
246 2973 357 3032 hostias
377 2975 433 3033 diis
452 2978 636 3053 supplicanti,
659 2983 790 3054 “magna
811 2984 899 3052 atque
919 2976 1064 3033 mirabilia

176 3070 331 3148 portendi'’
345 3071 492 3148 haruspex
501 3073 636 3131 dixerat:
659 3074 803 3149 “proinde
817 3092 881 3150 quae
895 3073 993 3128 animo
1006 3071 1065 3148 agi-

177 3167 267 3238 tabat,
286 3167 381 3225 fretus
396 3167 441 3224 dia
458 3174 563 3244 ageret,
583 3169 732 3226 fortunam
745 3188 833 3244 quam
847 3167 1003 3243 saepissime
1016 3185 1065 3224 ox-

177 3261 321 3335 periretur
331 3283 340 3335 3
362 3269 466 3320 cuncta
485 3283 621 3341 prospera
641 3266 806 3323 eventura”
847 3263 892 3320 At
905 3263 991 3320 illum
998 3262 1063 3338 jam

178 3361 264 3412 antea
286 3359 450 3417 consulatus
472 3360 575 3436 ingens
590 3359 694 3436 cupido
715 3358 898 3436 exagitabat3
917 3357 956 3416 ad
976 3374 1063 3432 quem
