2426 3790
190 260 227 319 18
387 256 615 318 SALLUSTII
637 257 663 314 J
667 255 877 318 UGURTHA.

187 410 282 469 lorum
295 429 399 486 magna
414 429 488 487 pars,
503 416 534 467 et
547 409 690 469 Numidia
708 426 800 484 usque
820 408 857 465 ad
876 407 985 465 flumen
1004 406 1072 464 Mu-

188 507 312 581 lucham,
334 508 388 564 sub
415 506 437 563 J
438 506 565 582 ugurtha
597 510 702 563 erant:
730 503 843 561 Mauris
863 504 998 560 omnibus
1016 521 1071 561 rex

188 603 320 662 Bocchus
342 604 536 679 imperitabat,
563 609 669 678 practer
695 619 809 672 nomen,
834 606 929 659 cetera
951 600 1072 676 ignarum

186 700 289 776 populi
314 699 440 757 Romani
450 720 460 772 3
487 699 616 775 itemque
641 698 725 756 nobis
751 716 846 773 neque
869 697 953 769 bollo,
974 716 1071 773 neque

186 815 264 872 paca,
285 801 371 853 antea
391 795 529 870 cognitus.
571 795 619 852 De
632 777 746 852 ‘Africo
765 800 797 850 ct
820 794 881 869 ejus
905 793 1006 850 incolis
1031 793 1070 850 ad

186 890 424 948 necessitudinem
438 891 481 947 rei
493 890 564 947 satis
576 891 696 948 dictum.

246 989 320 1048 XX.
361 988 528 1065 Postquam,
542 1007 631 1063 reguo
644 988 744 1059 diviso,
758 987 848 1062 legati
861 986 964 1043 Africa
976 986 1070 1044 dacae

187 1103 257 1157 sere,
272 1091 303 1142 et
316 1085 337 1142 J
338 1085 465 1161 ugurtha
477 1091 578 1143 contra
590 1086 726 1142 timorem
744 1085 836 1141 animi
854 1084 972 1159 praemia
984 1082 1074 1140 scale

186 1182 227 1238 ris
240 1182 378 1257 adeptum
397 1201 458 1239 sese
474 1182 574 1254 videt3
593 1187 704 1241 certium
717 1186 806 1255 ratus,
820 1182 898 1256 quod
916 1200 953 1237 ax
968 1181 1068 1238 amicis

186 1278 265 1355 apud
278 1277 470 1335 Numantiam
478 1283 634 1354 acceperat,
646 1278 742 1334 omnia
756 1277 857 1334 Romae
870 1276 985 1334 venalia
997 1296 1066 1348 esse,

186 1374 273 1430 simul
287 1381 317 1430 et
329 1374 443 1431 illorum
458 1374 717 1450 pollicitationibus
730 1392 872 1445 accensus,
883 1392 956 1448 quos
968 1372 1068 1448 paullo

185 1479 255 1527 ante
268 1471 435 1527 muneribus
448 1469 623 1545 expleverat,
637 1470 669 1527 in
682 1488 804 1544 regnum
817 1468 992 1536 Adherbalis
1005 1468 1067 1524 ani·

185 1584 267 1622 mum
292 1565 429 1641 intendit.
471 1565 539 1640 Ipse
566 1583 638 1635 acer,
666 1564 833 1622 bellicosus:
859 1570 891 1621 at
916 1564 951 1635 is,
978 1582 1067 1639 quem

185 1660 309 1736 petebat,
325 1661 448 1737 quietus,
462 1659 595 1732 imbellis,
617 1660 730 1736 placido
746 1658 872 1734 ingenio,
885 1665 1065 1734 opportunus

185 1756 307 1832 injuriae,
327 1761 460 1814 metuens
474 1755 574 1830 magis,
587 1774 675 1830 quam
692 1753 871 1811 metuendus
912 1753 1010 1828 Igitur
1027 1771 1066 1809 ax

184 1854 347 1930 improviso,
362 1854 434 1911 fines
447 1853 509 1929 ejus
522 1871 589 1909 cum
601 1871 706 1928 magna
720 1868 808 1907 manu
819 1849 942 1919 invadit,
956 1849 1065 1906 multos

185 1950 321 2007 mortales
340 1969 407 2006 oum
426 1967 527 2024 pecore
546 1954 635 2023 atque
654 1947 712 2005 alia
730 1946 829 2022 praeda
845 1946 931 2022 capit,
944 1945 1066 2002 aedificia

124 2078 126 2081 ·
184 2044 322 2115 incendit,
333 2044 469 2120 pleraque
482 2042 546 2099 loca
558 2042 704 2099 hostiliter
716 2060 782 2098 cum
792 2042 926 2118 equitatu
935 2040 1064 2114 accedit3

185 2140 252 2197 dein
266 2159 332 2196 cum
345 2139 425 2195 omni
438 2139 627 2197 multitudine
640 2141 673 2198 in
686 2160 806 2218 regnum
816 2161 901 2199 suum
911 2143 1063 2213 convertit,

185 2237 356 2293 existimans
366 2235 463 2292 dolore
476 2243 640 2311 permotum
652 2237 851 2296 Adherbalem
865 2239 986 2315 injurias
999 2258 1065 2296 suas

184 2350 274 2388 manu
291 2332 515 2403 vindicaturum,
536 2351 657 2407 eamque
676 2352 739 2390 rem
758 2333 828 2390 belli
847 2353 976 2391 caussam
995 2335 1063 2393 fore.

184 2430 231 2484 At
252 2427 310 2500 ille,
331 2430 409 2505 quod
434 2448 528 2506 neque
551 2449 582 2487 se
601 2449 701 2507 parem
720 2432 809 2488 armis
827 2431 1021 2501 existimabat,
1035 2439 1066 2490 et

185 2523 314 2579 amicitia
332 2525 433 2600 populi
453 2524 579 2583 Romani
597 2528 689 2602 magis
704 2545 793 2602 quam
814 2528 953 2586 Numidis
973 2529 1065 2586 fretus

185 2626 257 2688 erat,
270 2620 379 2696 legatos
392 2623 429 2678 ad
441 2622 463 2679 J
465 2624 622 2698 ugurtham
638 2624 675 2681 de
686 2625 804 2700 injuriis
817 2632 953 2701 questum
965 2616 1064 2683 misit:

185 2720 238 2794 qui
251 2719 367 2776 tametsi
380 2720 586 2778 contumeliosa
599 2721 678 2779 dicta
690 2722 859 2791 retulerant,
873 2723 954 2798 prius
966 2728 1065 2779 tamen

185 2814 283 2872 omnia
295 2814 358 2889 pati
370 2815 506 2883 decrevit,
520 2835 608 2892 quam
628 2816 738 2874 bellum
756 2836 869 2879 sumere
878 2836 889 2890 ;
909 2817 988 2893 quia,
1002 2822 1064 2874 teu-

185 2917 281 2968 tatum
293 2916 387 2983 antea,
401 2931 482 2969 secus
500 2920 630 2971 cesserat.
673 2914 778 2988 Neque
798 2919 897 2970 tamen
916 2932 951 2971 eo
974 2912 1066 2988 magis

185 3008 289 3084 cupido
302 3007 325 3064 J
325 3008 458 3084 ugurtha
471 3009 675 3068 minuebatur:
696 3012 803 3087 quippe
822 3011 875 3087 qui
892 3016 989 3068 totum
1002 3012 1065 3086 ejus

184 3123 307 3179 regnum
326 3105 424 3161 animo
436 3104 502 3180 jam
521 3106 674 3164 invaserat.
717 3107 823 3184 Itaque
838 3127 907 3179 non,
921 3113 957 3165 ut
969 3114 1063 3179 antea,

185 3219 251 3257 cum
265 3203 436 3277 praedatoria
448 3221 546 3275 manu,
560 3205 610 3263 sed
623 3224 727 3281 magno
742 3205 872 3264 exercitu
891 3210 1063 3280 comparato,

186 3293 295 3353 bellum
320 3316 418 3374 gerere
437 3300 532 3375 coepit,
554 3307 584 3358 et
603 3307 701 3377 aperte
726 3302 819 3359 totius
838 3301 988 3358 Numidia
1013 3300 1065 3356 im·

185 3392 298 3464 perium
320 3401 426 3471 petere.
468 3396 612 3469 (totorum,
632 3417 690 3474 qua
707 3399 856 3474 pergebat,
868 3397 963 3470 urbes,
981 3415 1064 3473 agros
