2426 3790
316 270 560 359 ,cannosum
584 270 820 329 menarum.
983 271 1021 328 45

129 426 225 500 jectos
238 423 442 482 circumveniri
454 424 565 492 vident,
579 425 679 501 fugam
692 425 818 482 faciunt:
833 445 867 482 ac
880 426 1020 503 plerique,

134 524 255 599 abjectis
277 523 373 593 armis,
401 521 496 589 culleo,
523 528 576 578 aut
597 522 697 593 noctis,
726 541 791 597 quae
821 523 884 597 jam
911 523 1020 591 aderat,

133 620 245 676 auxilio
262 620 372 695 integri
389 619 506 675 abeunt.
554 617 713 693 Elephanti
728 624 855 694 quatuor
872 620 958 695 capti,
977 640 1020 678 re-

132 715 209 791 liqui
226 735 332 785 omneS,
347 732 469 771 numero
487 712 686 788 quadraginta,
700 713 855 770 interlecti.
897 716 944 770 At
961 714 1020 771 Ro-

133 811 223 882 mani,
244 829 419 887 quamquam
445 810 551 866 itinere
576 815 665 883 atque
692 827 778 883 opere
803 817 964 866 castrorum
990 818 1020 867 et

133 908 305 984 praeliolessi
315 909 538 984 lassiqueerant3
549 908 738 981 tamen,quod
747 906 886 964 Metellus
895 908 1019 983 amplius

132 1005 269 1079 opinione
284 1006 459 1075 morabatur,
475 1003 613 1060 instructi
632 1005 796 1078 intentique
816 1006 933 1063 obviam
954 1027 1019 1082 pro·

132 1103 248 1160 cedunt,
282 1102 362 1159 Nam
375 1102 459 1158 dolus
472 1099 503 1155 N
507 1100 671 1156 umidarum
682 1100 756 1156 nihil
772 1100 907 1175 languidi,
924 1121 1019 1178 neque
1046 1126 1048 1129 ·

130 1201 253 1272 remissi,
264 1199 440 1275 potiebatur.
465 1197 513 1253 Ac
521 1197 622 1272 primo,
634 1196 754 1252 obscura
763 1205 854 1267 nocte,
865 1205 1017 1272 postquam

132 1299 212 1356 haud
221 1298 321 1375 procul
330 1298 408 1353 inter
418 1316 448 1353 se
458 1301 549 1367 erant,
560 1295 692 1370 strepitu,
704 1295 787 1352 velut
795 1294 898 1366 hostes,
910 1298 1017 1353 adven·

131 1402 203 1468 tare,
212 1395 298 1452 alteri
310 1394 387 1470 apud
397 1393 503 1449 alteros
516 1393 699 1450 formidinem
712 1395 798 1450 simul
812 1399 842 1450 et
855 1396 1017 1455 tumultum

131 1492 245 1549 socero:
267 1496 298 1546 et
317 1508 398 1565 paene
416 1488 615 1564 imprudentia
627 1489 784 1546 admissum
800 1490 913 1547 sueinus
933 1493 1016 1550 mine-

131 1587 230 1659 ruhile,
242 1588 274 1643 ni
282 1589 429 1661 utrimque
437 1586 577 1660 praemissi
587 1587 699 1660 equites
707 1605 768 1642 rem
777 1587 1014 1661 exploravissent.

132 1685 237 1760 Igitur,
259 1702 311 1759 pro
331 1693 420 1753 metu,
442 1688 561 1756 repente
581 1683 719 1756 gaudium
743 1689 886 1756 exortum,
909 1685 1016 1742 milites

130 1780 205 1836 nlius
217 1779 308 1835 alium
321 1778 381 1834 laeti
394 1777 550 1852 adpellant,
561 1784 625 1833 acta
638 1777 759 1834 edocent
771 1784 859 1852 atque
872 1779 1014 1837 audiunt:

130 1895 183 1931 sua
195 1874 317 1950 quisque
335 1873 423 1929 fortia
438 1873 514 1929 facta
532 1872 568 1929 ad
589 1872 692 1929 coelum
713 1875 794 1930 terre.
838 1873 952 1949 Quippe
969 1896 1015 1933 res

130 1971 264 2027 humanae
278 1971 320 2026 ita
334 1988 393 2026 sese
407 1968 534 2025 habent:
549 1968 581 2022 in
589 1967 765 2025 victoriavel
775 1969 889 2044 ignavia
897 1972 1015 2046 gloriari

130 2068 198 2125 licet
209 2087 219 2139 3
239 2067 365 2122 adversae
379 2084 424 2121 res
437 2064 526 2121 etiam
541 2065 630 2121 bonos
643 2066 814 2122 detractant.

190 2160 273 2222 LIV.
315 2163 460 2233 Metellus,
476 2163 507 2218 in
520 2162 612 2218 isdem
633 2164 734 2219 caetris
750 2162 906 2237 quatriduo
923 2183 1014 2220 mora-

130 2265 186 2330 tus,
202 2259 310 2315 saucios
329 2278 395 2314 cum
416 2277 485 2314 cura
504 2257 605 2329 reficit,
621 2259 739 2314 meritos
759 2258 790 2313 in
807 2258 914 2332 praeliis
933 2278 1014 2315 more

130 2352 242 2409 militiae
257 2353 353 2422 donat,
368 2353 518 2409 universos
531 2353 563 2408 in
576 2352 712 2408 concione
725 2352 833 2424 laudat,
849 2360 936 2430 atque
950 2357 1014 2430 agit

129 2449 236 2523 gratiae
246 2468 255 2520 3
281 2447 422 2519 hortatur,
443 2447 481 2503 ad
507 2453 609 2517 cetera,
632 2467 696 2523 quae
716 2446 793 2504 levia
815 2457 892 2518 sunt,
913 2469 1014 2525 parem

45 2619 48 2625 Ι
129 2531 259 2600 animum
285 2550 406 2620 gerunt:
434 2562 485 2619 pro
512 2543 636 2599 victoria
663 2543 733 2599 satia
756 2545 818 2619 jam
840 2552 1011 2620 pugnatum,

129 2639 255 2715 reliquos
268 2639 380 2694 labores
394 2658 445 2714 pro
460 2639 556 2714 praeda
568 2638 636 2694 sore.
665 2637 774 2694 Tamen
788 2638 906 2696 interim
920 2649 1013 2697 trane·

128 2738 212 2812 fugas
231 2742 261 2793 et
278 2737 349 2792 alios
369 2743 554 2809 opportunos,
569 2732 591 2790 J
592 2734 720 2809 ugurtha
736 2733 787 2790 ubi
806 2736 946 2809 gentium,
961 2744 1013 2792 aut

128 2832 200 2907 quid
218 2831 350 2907 agitaret,
366 2849 432 2885 oum
448 2828 582 2904 paucisne
598 2836 681 2899 esset,
696 2848 733 2885 an
752 2831 912 2886 exercitum
929 2829 1013 2886 habe-

127 2935 181 3000 ret,
203 2927 249 2985 uti
277 2943 338 2982 sene
365 2925 460 2980 victus
486 2930 606 3000 gereret,
627 2925 810 2998 exploratum
837 2925 924 2981 misit.
966 2925 1013 2980 At

128 3024 178 3080 ille
191 3043 253 3080 sese
266 3023 297 3079 in
313 3023 376 3079 loca
393 3023 520 3080 saltuosa
538 3027 568 3077 et
587 3027 694 3077 natura
713 3023 828 3078 munita
844 3026 1011 3095 receperat;

127 3120 226 3197 ibique
239 3122 359 3195 cogebat
372 3120 532 3176 exercitum
545 3118 824 3175 numerohominum
832 3116 1011 3191 ampliorem,

127 3215 177 3272 aed
190 3215 324 3273 hebetem
337 3216 550 3290 infirmumque,
565 3216 628 3289 agri
641 3233 674 3271 ac
687 3213 796 3289 pecoris
810 3212 909 3288 magia,
924 3231 1012 3287 quam

127 3309 206 3383 belli,
220 3310 372 3368 cultorem.
414 3310 451 3366 Id
472 3330 505 3367 ea
520 3312 613 3385 gratia
632 3310 791 3381 eveniebat,
806 3310 891 3385 quod,
907 3317 1013 3386 praeter

126 3407 221 3482 regios
247 3407 367 3484 equites,
389 3425 473 3464 nemo
500 3407 630 3464 omnium
656 3405 851 3464 Numidarum
879 3424 917 3462 ex
944 3405 1014 3482 fuga
