<?xml version="1.0" encoding="UTF-8"?>
<!DOCTYPE html PUBLIC "-//W3C//DTD XHTML 1.0 Transitional//EN"
    "http://www.w3.org/TR/xhtml1/DTD/xhtml1-transitional.dtd">
<html xmlns="http://www.w3.org/1999/xhtml" xml:lang="en" lang="en">
 <head>
  <title>
</title>
<meta http-equiv="Content-Type" content="text/html;charset=utf-8" />
  <meta name='ocr-system' content='tesseract 3.04.00' />
  <meta name='ocr-capabilities' content='ocr_page ocr_carea ocr_par ocr_line ocrx_word'/>
</head>
<body>
  <div class='ocr_page' id='page_1' title='image "./caiisallustiicr00merigoog_0182.png"; bbox 0 0 2426 3790; ppageno 0'>
   <div class='ocr_carea' id='block_1_1' title="bbox 359 232 1040 298">
    <p class='ocr_par' dir='ltr' id='par_1_1' title="bbox 359 232 1040 298">
     <span class='ocr_line' id='line_1_1' title="bbox 359 232 1040 298; baseline 0.006 -4"><span class='ocrx_word' id='word_1_1' title='bbox 359 232 580 294; x_wconf 66' lang='lat' dir='ltr'>sancum]</span> <span class='ocrx_word' id='word_1_2' title='bbox 603 234 630 291; x_wconf 92' lang='lat' dir='ltr'><em>J</em></span> <span class='ocrx_word' id='word_1_3' title='bbox 633 234 686 294; x_wconf 75' lang='lat' dir='ltr'>Ua</span> <span class='ocrx_word' id='word_1_4' title='bbox 691 234 836 294; x_wconf 65' lang='lat' dir='ltr'>aaran.</span> <span class='ocrx_word' id='word_1_5' title='bbox 1002 239 1040 298; x_wconf 81' lang='lat'>23</span> 
     </span>
    </p>
   </div>
   <div class='ocr_carea' id='block_1_2' title="bbox 154 389 1093 1908">
    <p class='ocr_par' dir='ltr' id='par_1_2' title="bbox 154 389 1041 754">
     <span class='ocr_line' id='line_1_2' title="bbox 155 389 1041 466; baseline 0.001 -20"><span class='ocrx_word' id='word_1_6' title='bbox 155 395 330 446; x_wconf 84' lang='lat' dir='ltr'>censuerant</span> <span class='ocrx_word' id='word_1_7' title='bbox 344 389 450 464; x_wconf 74' lang='lat' dir='ltr'>Italici,</span> <span class='ocrx_word' id='word_1_8' title='bbox 466 389 643 447; x_wconf 88' lang='lat' dir='ltr'>deditionem</span> <span class='ocrx_word' id='word_1_9' title='bbox 657 389 734 446; x_wconf 80' lang='lat' dir='ltr'>facit.</span> <span class='ocrx_word' id='word_1_10' title='bbox 775 389 798 446; x_wconf 81' lang='lat' dir='ltr'><strong>J</strong></span> <span class='ocrx_word' id='word_1_11' title='bbox 799 389 926 465; x_wconf 82' lang='lat' dir='ltr'>ugurtha</span> <span class='ocrx_word' id='word_1_12' title='bbox 938 390 972 447; x_wconf 89' lang='lat' dir='ltr'>in</span> <span class='ocrx_word' id='word_1_13' title='bbox 984 392 1041 466; x_wconf 87' lang='lat' dir='ltr'>pri-</span> 
     </span>
     <span class='ocr_line' id='line_1_3' title="bbox 154 486 1041 548; baseline 0.005 -5"><span class='ocrx_word' id='word_1_14' title='bbox 154 488 212 548; x_wconf 81' lang='lat' dir='ltr'>mis</span> <span class='ocrx_word' id='word_1_15' title='bbox 235 486 434 543; x_wconf 76' lang='lat' dir='ltr'>Adherbalem</span> <span class='ocrx_word' id='word_1_16' title='bbox 456 487 655 543; x_wconf 84' lang='lat' dir='ltr'>excruciatum</span> <span class='ocrx_word' id='word_1_17' title='bbox 681 491 786 544; x_wconf 84' lang='lat' dir='ltr'>necat:</span> <span class='ocrx_word' id='word_1_18' title='bbox 816 487 920 545; x_wconf 88' lang='lat' dir='ltr'>deinde</span> <span class='ocrx_word' id='word_1_19' title='bbox 946 490 1041 547; x_wconf 91' lang='lat' dir='ltr'>omnis</span> 
     </span>
     <span class='ocr_line' id='line_1_4' title="bbox 155 582 1041 663; baseline 0.005 -23"><span class='ocrx_word' id='word_1_20' title='bbox 155 584 287 658; x_wconf 85' lang='lat' dir='ltr'>puberes,</span> <span class='ocrx_word' id='word_1_21' title='bbox 302 582 335 639; x_wconf 96' lang='lat' dir='ltr'>N</span> <span class='ocrx_word' id='word_1_22' title='bbox 335 582 451 639; x_wconf 84' lang='lat' dir='ltr'>umidas·</span> <span class='ocrx_word' id='word_1_23' title='bbox 463 588 494 640; x_wconf 85' lang='lat' dir='ltr'>et</span> <span class='ocrx_word' id='word_1_24' title='bbox 509 583 702 658; x_wconf 82' lang='lat' dir='ltr'>nogotiatores</span> <span class='ocrx_word' id='word_1_25' title='bbox 719 585 890 659; x_wconf 89' lang='lat' dir='ltr'>promiscue,</span> <span class='ocrx_word' id='word_1_26' title='bbox 904 585 951 643; x_wconf 88' lang='lat' dir='ltr'>uti</span> <span class='ocrx_word' id='word_1_27' title='bbox 963 587 1041 663; x_wconf 78' lang='lat' dir='ltr'>quis·</span> 
     </span>
     <span class='ocr_line' id='line_1_5' title="bbox 156 677 750 754; baseline 0.002 -18"><span class='ocrx_word' id='word_1_28' title='bbox 156 697 215 754; x_wconf 87' lang='lat' dir='ltr'>que</span> <span class='ocrx_word' id='word_1_29' title='bbox 227 680 347 736; x_wconf 84' lang='lat' dir='ltr'>armatis</span> <span class='ocrx_word' id='word_1_30' title='bbox 360 677 580 748; x_wconf 78' lang='lat' dir='ltr'>obviasfuerat,</span> <span class='ocrx_word' id='word_1_31' title='bbox 596 678 750 737; x_wconf 74' lang='lat' dir='ltr'><strong>interfecit.</strong></span> 
     </span>
    </p>

    <p class='ocr_par' dir='ltr' id='par_1_3' title="bbox 155 774 1093 1908">
     <span class='ocr_line' id='line_1_6' title="bbox 216 774 1042 857; baseline 0.011 -26"><span class='ocrx_word' id='word_1_32' title='bbox 216 774 361 833; x_wconf 81' lang='lat' dir='ltr'><strong>XXVIL</strong></span> <span class='ocrx_word' id='word_1_33' title='bbox 384 851 388 857; x_wconf 88' lang='lat'>.</span> <span class='ocrx_word' id='word_1_34' title='bbox 402 774 488 843; x_wconf 79' lang='lat' dir='ltr'>Quod</span> <span class='ocrx_word' id='word_1_35' title='bbox 500 781 652 851; x_wconf 82' lang='lat' dir='ltr'>postquam</span> <span class='ocrx_word' id='word_1_36' title='bbox 666 775 768 835; x_wconf 84' lang='lat' dir='ltr'>Romae</span> <span class='ocrx_word' id='word_1_37' title='bbox 781 780 930 853; x_wconf 79' lang='lat' dir='ltr'>cognitum</span> <span class='ocrx_word' id='word_1_38' title='bbox 943 785 995 853; x_wconf 82' lang='lat' dir='ltr'>est,</span> <span class='ocrx_word' id='word_1_39' title='bbox 1010 779 1042 839; x_wconf 80' lang='lat' dir='ltr'>et</span> 
     </span>
     <span class='ocr_line' id='line_1_7' title="bbox 156 860 1039 952; baseline 0.01 -27"><span class='ocrx_word' id='word_1_40' title='bbox 156 889 203 926; x_wconf 86' lang='lat' dir='ltr'>res</span> <span class='ocrx_word' id='word_1_41' title='bbox 225 871 257 927; x_wconf 90' lang='lat' dir='ltr'>in</span> <span class='ocrx_word' id='word_1_42' title='bbox 278 876 382 928; x_wconf 84' lang='lat' dir='ltr'>senatu</span> <span class='ocrx_word' id='word_1_43' title='bbox 404 871 510 946; x_wconf 78' lang='lat' dir='ltr'>agitari</span> <span class='ocrx_word' id='word_1_44' title='bbox 531 876 631 946; x_wconf 86' lang='lat' dir='ltr'>coepta,</span> <span class='ocrx_word' id='word_1_45' title='bbox 652 860 731 929; x_wconf 86' lang='lat' dir='ltr'>idem</span> <span class='ocrx_word' id='word_1_46' title='bbox 752 873 798 931; x_wconf 89' lang='lat' dir='ltr'>illi</span> <span class='ocrx_word' id='word_1_47' title='bbox 818 875 945 933; x_wconf 88' lang='lat' dir='ltr'>ministri</span> <span class='ocrx_word' id='word_1_48' title='bbox 964 878 1039 952; x_wconf 83' lang='lat' dir='ltr'>regis</span> 
     </span>
     <span class='ocr_line' id='line_1_8' title="bbox 157 967 1093 1048; baseline 0.012 -24"><span class='ocrx_word' id='word_1_49' title='bbox 157 967 376 1043; x_wconf 83' lang='lat' dir='ltr'>interpellando,</span> <span class='ocrx_word' id='word_1_50' title='bbox 401 986 434 1025; x_wconf 89' lang='lat' dir='ltr'>ac</span> <span class='ocrx_word' id='word_1_51' title='bbox 457 987 531 1042; x_wconf 83' lang='lat' dir='ltr'>saepe</span> <span class='ocrx_word' id='word_1_52' title='bbox 553 968 655 1044; x_wconf 81' lang='lat' dir='ltr'>gratia,</span> <span class='ocrx_word' id='word_1_53' title='bbox 680 969 830 1026; x_wconf 85' lang='lat' dir='ltr'>interdum</span> <span class='ocrx_word' id='word_1_54' title='bbox 851 972 958 1048; x_wconf 85' lang='lat' dir='ltr'>jurgiis</span> <span class='ocrx_word' id='word_1_55' title='bbox 983 979 1040 1030; x_wconf 79' lang='lat' dir='ltr'>tra</span> <span class='ocrx_word' id='word_1_56' title='bbox 1090 1028 1093 1035; x_wconf 82' lang='grc'>.</span> 
     </span>
     <span class='ocr_line' id='line_1_9' title="bbox 156 1063 1040 1140; baseline 0.007 -20"><span class='ocrx_word' id='word_1_57' title='bbox 156 1063 252 1121; x_wconf 87' lang='lat' dir='ltr'>hendo</span> <span class='ocrx_word' id='word_1_58' title='bbox 274 1070 398 1139; x_wconf 88' lang='lat' dir='ltr'>tempus,</span> <span class='ocrx_word' id='word_1_59' title='bbox 422 1065 603 1122; x_wconf 70' lang='lat' dir='ltr'>atrocitatem</span> <span class='ocrx_word' id='word_1_60' title='bbox 630 1063 701 1122; x_wconf 86' lang='lat' dir='ltr'>facti</span> <span class='ocrx_word' id='word_1_61' title='bbox 727 1065 883 1125; x_wconf 81' lang='lat' dir='ltr'>laniabant.</span> <span class='ocrx_word' id='word_1_62' title='bbox 923 1068 979 1140; x_wconf 86' lang='lat' dir='ltr'>Ac,</span> <span class='ocrx_word' id='word_1_63' title='bbox 1007 1070 1040 1126; x_wconf 91' lang='lat' dir='ltr'>ni</span> 
     </span>
     <span class='ocr_line' id='line_1_10' title="bbox 158 1158 1040 1236; baseline 0.007 -21"><span class='ocrx_word' id='word_1_64' title='bbox 158 1159 189 1216; x_wconf 77' lang='lat' dir='ltr'>O.</span> <span class='ocrx_word' id='word_1_65' title='bbox 211 1158 378 1230; x_wconf 79' lang='lat' dir='ltr'>Memmius,</span> <span class='ocrx_word' id='word_1_66' title='bbox 399 1159 645 1236; x_wconf 83' lang='lat' dir='ltr'>tribunusplebis</span> <span class='ocrx_word' id='word_1_67' title='bbox 663 1161 836 1236; x_wconf 80' lang='lat' dir='ltr'>designatus,</span> <span class='ocrx_word' id='word_1_68' title='bbox 855 1162 901 1219; x_wconf 89' lang='lat' dir='ltr'>vir</span> <span class='ocrx_word' id='word_1_69' title='bbox 916 1182 990 1234; x_wconf 84' lang='lat' dir='ltr'>acer,</span> <span class='ocrx_word' id='word_1_70' title='bbox 1009 1170 1040 1221; x_wconf 88' lang='lat' dir='ltr'>et</span> 
     </span>
     <span class='ocr_line' id='line_1_11' title="bbox 157 1253 1040 1339; baseline 0.007 -29"><span class='ocrx_word' id='word_1_71' title='bbox 157 1253 279 1311; x_wconf 83' lang='lat' dir='ltr'>infestus</span> <span class='ocrx_word' id='word_1_72' title='bbox 296 1255 434 1329; x_wconf 74' lang='lat' dir='ltr'>potentia</span> <span class='ocrx_word' id='word_1_73' title='bbox 450 1255 620 1326; x_wconf 77' lang='lat' dir='ltr'>nobilitatis,</span> <span class='ocrx_word' id='word_1_74' title='bbox 636 1256 776 1339; x_wconf 81' lang='lat' dir='ltr'>populum</span> <span class='ocrx_word' id='word_1_75' title='bbox 792 1255 959 1314; x_wconf 87' lang='lat' dir='ltr'>Romanum</span> <span class='ocrx_word' id='word_1_76' title='bbox 976 1259 1040 1316; x_wconf 91' lang='lat' dir='ltr'>edo-</span> 
     </span>
     <span class='ocr_line' id='line_1_12' title="bbox 155 1336 1040 1423; baseline 0.005 -15"><span class='ocrx_word' id='word_1_77' title='bbox 155 1350 270 1423; x_wconf 84' lang='lat' dir='ltr'>cuisset,</span> <span class='ocrx_word' id='word_1_78' title='bbox 291 1367 325 1406; x_wconf 78' lang='lat'>11&gt;</span> <span class='ocrx_word' id='word_1_79' title='bbox 344 1336 397 1407; x_wconf 69' lang='lat' dir='ltr'>aar</span> <span class='ocrx_word' id='word_1_80' title='bbox 417 1367 469 1408; x_wconf 80' lang='lat' dir='ltr'>um</span> <span class='ocrx_word' id='word_1_81' title='bbox 489 1367 546 1408; x_wconf 78' lang='lat' dir='ltr'>anu</span> <span class='ocrx_word' id='word_1_82' title='bbox 565 1367 676 1410; x_wconf 76' lang='lat' dir='ltr'>raucos</span> <span class='ocrx_word' id='word_1_83' title='bbox 695 1367 850 1409; x_wconf 67' lang='lat' dir='ltr'>ramosos</span> <span class='ocrx_word' id='word_1_84' title='bbox 865 1351 1040 1413; x_wconf 70' lang='lat' dir='ltr'>luctarum</span> 
     </span>
     <span class='ocr_line' id='line_1_13' title="bbox 157 1448 1039 1525; baseline 0.003 -20"><span class='ocrx_word' id='word_1_85' title='bbox 157 1464 263 1506; x_wconf 76' lang='lat' dir='ltr'>tonnus</span> <span class='ocrx_word' id='word_1_86' title='bbox 282 1463 526 1519; x_wconf 62' lang='lat' dir='ltr'>concordamus,</span> <span class='ocrx_word' id='word_1_87' title='bbox 551 1448 679 1523; x_wconf 86' lang='lat' dir='ltr'>profecto</span> <span class='ocrx_word' id='word_1_88' title='bbox 700 1449 794 1505; x_wconf 88' lang='lat' dir='ltr'>omnis</span> <span class='ocrx_word' id='word_1_89' title='bbox 816 1448 928 1506; x_wconf 86' lang='lat' dir='ltr'>invidia</span> <span class='ocrx_word' id='word_1_90' title='bbox 947 1450 1039 1525; x_wconf 70' lang='lat' dir='ltr'>prola</span> 
     </span>
     <span class='ocr_line' id='line_1_14' title="bbox 158 1543 1037 1620; baseline 0.003 -21"><span class='ocrx_word' id='word_1_91' title='bbox 158 1544 255 1600; x_wconf 78' lang='lat' dir='ltr'>tundis</span> <span class='ocrx_word' id='word_1_92' title='bbox 269 1543 529 1600; x_wconf 77' lang='lat' dir='ltr'>consultationibus</span> <span class='ocrx_word' id='word_1_93' title='bbox 541 1543 653 1618; x_wconf 85' lang='lat' dir='ltr'>dilapsa</span> <span class='ocrx_word' id='word_1_94' title='bbox 666 1550 748 1602; x_wconf 86' lang='lat' dir='ltr'>erat:</span> <span class='ocrx_word' id='word_1_95' title='bbox 769 1543 853 1601; x_wconf 78' lang='lat' dir='ltr'>tanta</span> <span class='ocrx_word' id='word_1_96' title='bbox 868 1545 913 1601; x_wconf 88' lang='lat' dir='ltr'>vis</span> <span class='ocrx_word' id='word_1_97' title='bbox 928 1546 1037 1620; x_wconf 82' lang='lat' dir='ltr'>gratiae,</span> 
     </span>
     <span class='ocr_line' id='line_1_15' title="bbox 156 1640 1040 1717; baseline 0.001 -20"><span class='ocrx_word' id='word_1_98' title='bbox 156 1648 244 1716; x_wconf 82' lang='lat' dir='ltr'>atque</span> <span class='ocrx_word' id='word_1_99' title='bbox 267 1641 395 1717; x_wconf 71' lang='lat' dir='ltr'>pecuniae</span> <span class='ocrx_word' id='word_1_100' title='bbox 417 1642 500 1716; x_wconf 80' lang='lat' dir='ltr'>regis</span> <span class='ocrx_word' id='word_1_101' title='bbox 542 1640 608 1712; x_wconf 84' lang='lat' dir='ltr'>Sed,</span> <span class='ocrx_word' id='word_1_102' title='bbox 636 1641 688 1698; x_wconf 90' lang='lat' dir='ltr'>ubi</span> <span class='ocrx_word' id='word_1_103' title='bbox 713 1647 831 1698; x_wconf 84' lang='lat' dir='ltr'>senatus</span> <span class='ocrx_word' id='word_1_104' title='bbox 853 1641 953 1701; x_wconf 81' lang='lat' dir='ltr'>delicti</span> <span class='ocrx_word' id='word_1_105' title='bbox 975 1660 1040 1698; x_wconf 84' lang='lat' dir='ltr'>con-</span> 
     </span>
     <span class='ocr_line' id='line_1_16' title="bbox 156 1736 1040 1812; baseline 0.001 -18"><span class='ocrx_word' id='word_1_106' title='bbox 156 1738 276 1794; x_wconf 84' lang='lat' dir='ltr'>scientia</span> <span class='ocrx_word' id='word_1_107' title='bbox 293 1737 432 1812; x_wconf 84' lang='lat' dir='ltr'>populum</span> <span class='ocrx_word' id='word_1_108' title='bbox 450 1738 543 1806; x_wconf 87' lang='lat' dir='ltr'>timet,</span> <span class='ocrx_word' id='word_1_109' title='bbox 561 1736 624 1811; x_wconf 86' lang='lat' dir='ltr'>lege</span> <span class='ocrx_word' id='word_1_110' title='bbox 637 1736 808 1812; x_wconf 80' lang='lat' dir='ltr'>Sempronia</span> <span class='ocrx_word' id='word_1_111' title='bbox 823 1737 979 1812; x_wconf 85' lang='lat' dir='ltr'>provinciae</span> <span class='ocrx_word' id='word_1_112' title='bbox 997 1736 1040 1796; x_wconf 86' lang='lat' dir='ltr'>fu·</span> 
     </span>
     <span class='ocr_line' id='line_1_17' title="bbox 156 1834 1040 1908; baseline 0.002 -17"><span class='ocrx_word' id='word_1_113' title='bbox 156 1834 231 1891; x_wconf 86' lang='lat' dir='ltr'>turis</span> <span class='ocrx_word' id='word_1_114' title='bbox 250 1835 415 1891; x_wconf 87' lang='lat' dir='ltr'>consulibus</span> <span class='ocrx_word' id='word_1_115' title='bbox 434 1834 576 1891; x_wconf 87' lang='lat' dir='ltr'>Numidia</span> <span class='ocrx_word' id='word_1_116' title='bbox 592 1839 680 1908; x_wconf 87' lang='lat' dir='ltr'>atquc</span> <span class='ocrx_word' id='word_1_117' title='bbox 700 1834 790 1890; x_wconf 84' lang='lat' dir='ltr'>Italia</span> <span class='ocrx_word' id='word_1_118' title='bbox 812 1835 953 1898; x_wconf 78' lang='lat' dir='ltr'>decretae:</span> <span class='ocrx_word' id='word_1_119' title='bbox 974 1859 1040 1896; x_wconf 62' lang='grc' dir='ltr'>σοι)-Δ</span> 
     </span>
    </p>
   </div>
   <div class='ocr_carea' id='block_1_3' title="bbox 155 1929 1039 2099">
    <p class='ocr_par' dir='ltr' id='par_1_4' title="bbox 155 1929 1039 2099">
     <span class='ocr_line' id='line_1_18' title="bbox 156 1929 1039 2010; baseline 0.003 -22"><span class='ocrx_word' id='word_1_120' title='bbox 156 1932 233 1988; x_wconf 83' lang='lat' dir='ltr'>soles</span> <span class='ocrx_word' id='word_1_121' title='bbox 250 1930 434 1988; x_wconf 83' lang='lat' dir='ltr'>declarantur</span> <span class='ocrx_word' id='word_1_122' title='bbox 452 1930 485 1988; x_wconf 86' lang='lat' dir='ltr'>P.</span> <span class='ocrx_word' id='word_1_123' title='bbox 508 1930 605 2005; x_wconf 78' lang='lat' dir='ltr'>Scipio</span> <span class='ocrx_word' id='word_1_124' title='bbox 622 1929 736 2000; x_wconf 78' lang='lat' dir='ltr'>Nasica,</span> <span class='ocrx_word' id='word_1_125' title='bbox 757 1930 790 1988; x_wconf 88' lang='lat' dir='ltr'>L.</span> <span class='ocrx_word' id='word_1_126' title='bbox 806 1930 905 1989; x_wconf 88' lang='lat' dir='ltr'>Bestia</span> <span class='ocrx_word' id='word_1_127' title='bbox 920 1933 1039 2010; x_wconf 74' lang='lat' dir='ltr'>Calpur·</span> 
     </span>
     <span class='ocr_line' id='line_1_19' title="bbox 155 2022 1037 2099; baseline 0.006 -19"><span class='ocrx_word' id='word_1_128' title='bbox 155 2025 242 2081; x_wconf 89' lang='lat' dir='ltr'>nius:</span> <span class='ocrx_word' id='word_1_129' title='bbox 271 2024 428 2099; x_wconf 78' lang='lat' dir='ltr'>Calpurnio</span> <span class='ocrx_word' id='word_1_130' title='bbox 453 2023 602 2095; x_wconf 86' lang='lat' dir='ltr'>Numidia,</span> <span class='ocrx_word' id='word_1_131' title='bbox 631 2022 760 2099; x_wconf 84' lang='lat' dir='ltr'>Scipioni</span> <span class='ocrx_word' id='word_1_132' title='bbox 784 2023 873 2081; x_wconf 85' lang='lat' dir='ltr'>Italia</span> <span class='ocrx_word' id='word_1_133' title='bbox 898 2027 1037 2085; x_wconf 83' lang='lat' dir='ltr'>obvenit:</span> 
     </span>
    </p>
   </div>
   <div class='ocr_carea' id='block_1_4' title="bbox 50 2119 1037 2197">
    <p class='ocr_par' dir='ltr' id='par_1_5' title="bbox 50 2119 1037 2197">
     <span class='ocr_line' id='line_1_20' title="bbox 50 2119 1037 2197; baseline 0.005 -21"><span class='ocrx_word' id='word_1_134' title='bbox 50 2180 61 2197; x_wconf 87' lang='lat'>.</span> <span class='ocrx_word' id='word_1_135' title='bbox 156 2121 261 2178; x_wconf 86' lang='lat' dir='ltr'>deindo</span> <span class='ocrx_word' id='word_1_136' title='bbox 274 2121 426 2188; x_wconf 87' lang='lat' dir='ltr'>exercitus,</span> <span class='ocrx_word' id='word_1_137' title='bbox 440 2119 492 2194; x_wconf 88' lang='lat' dir='ltr'>qui</span> <span class='ocrx_word' id='word_1_138' title='bbox 505 2119 538 2175; x_wconf 89' lang='lat' dir='ltr'>in</span> <span class='ocrx_word' id='word_1_139' title='bbox 547 2119 681 2177; x_wconf 85' lang='lat' dir='ltr'>Africam</span> <span class='ocrx_word' id='word_1_140' title='bbox 694 2125 866 2195; x_wconf 87' lang='lat' dir='ltr'>portaretur,</span> <span class='ocrx_word' id='word_1_141' title='bbox 882 2121 1037 2181; x_wconf 79' lang='lat' dir='ltr'>scribitur:</span> 
     </span>
    </p>
   </div>
   <div class='ocr_carea' id='block_1_5' title="bbox 155 2215 1038 2959">
    <p class='ocr_par' dir='ltr' id='par_1_6' title="bbox 155 2215 1038 2959">
     <span class='ocr_line' id='line_1_21' title="bbox 157 2215 1003 2297; baseline 0.005 -26"><span class='ocrx_word' id='word_1_142' title='bbox 157 2216 341 2297; x_wconf 85' lang='lat' dir='ltr'>stipendium,</span> <span class='ocrx_word' id='word_1_143' title='bbox 356 2216 423 2285; x_wconf 86' lang='lat' dir='ltr'>alia,</span> <span class='ocrx_word' id='word_1_144' title='bbox 436 2232 500 2290; x_wconf 84' lang='lat' dir='ltr'>quse</span> <span class='ocrx_word' id='word_1_145' title='bbox 514 2215 589 2272; x_wconf 89' lang='lat' dir='ltr'>bello</span> <span class='ocrx_word' id='word_1_146' title='bbox 602 2216 669 2272; x_wconf 88' lang='lat' dir='ltr'>usui</span> <span class='ocrx_word' id='word_1_147' title='bbox 681 2216 785 2287; x_wconf 81' lang='lat' dir='ltr'>forent,</span> <span class='ocrx_word' id='word_1_148' title='bbox 800 2216 1003 2275; x_wconf 85' lang='lat' dir='ltr'>decernuntur.</span> 
     </span>
     <span class='ocr_line' id='line_1_22' title="bbox 215 2310 1038 2387; baseline 0.002 -19"><span class='ocrx_word' id='word_1_149' title='bbox 215 2311 374 2370; x_wconf 82' lang='lat' dir='ltr'><strong>XXVIIL</strong></span> <span class='ocrx_word' id='word_1_150' title='bbox 416 2312 462 2368; x_wconf 89' lang='lat' dir='ltr'>At</span> <span class='ocrx_word' id='word_1_151' title='bbox 478 2310 501 2367; x_wconf 82' lang='lat' dir='ltr'><strong>J</strong></span> <span class='ocrx_word' id='word_1_152' title='bbox 501 2310 635 2387; x_wconf 82' lang='lat' dir='ltr'>ugurtha,</span> <span class='ocrx_word' id='word_1_153' title='bbox 655 2317 755 2369; x_wconf 90' lang='lat' dir='ltr'>contra</span> <span class='ocrx_word' id='word_1_154' title='bbox 771 2330 852 2386; x_wconf 90' lang='lat' dir='ltr'>spem</span> <span class='ocrx_word' id='word_1_155' title='bbox 869 2313 977 2370; x_wconf 88' lang='lat' dir='ltr'>nuncio</span> <span class='ocrx_word' id='word_1_156' title='bbox 994 2326 1038 2370; x_wconf 80' lang='lat' dir='ltr'>ac·</span> 
     </span>
     <span class='ocr_line' id='line_1_23' title="bbox 155 2408 1038 2484; baseline 0.002 -18"><span class='ocrx_word' id='word_1_157' title='bbox 155 2414 246 2484; x_wconf 87' lang='lat' dir='ltr'>copto,</span> <span class='ocrx_word' id='word_1_158' title='bbox 268 2409 376 2484; x_wconf 90' lang='lat' dir='ltr'>quippe</span> <span class='ocrx_word' id='word_1_159' title='bbox 390 2409 446 2479; x_wconf 91' lang='lat' dir='ltr'>cui,</span> <span class='ocrx_word' id='word_1_160' title='bbox 461 2409 562 2467; x_wconf 84' lang='lat' dir='ltr'>Romae</span> <span class='ocrx_word' id='word_1_161' title='bbox 578 2408 677 2465; x_wconf 87' lang='lat' dir='ltr'>omnia</span> <span class='ocrx_word' id='word_1_162' title='bbox 693 2416 801 2465; x_wconf 82' lang='lat' dir='ltr'>venum</span> <span class='ocrx_word' id='word_1_163' title='bbox 818 2408 870 2479; x_wconf 89' lang='lat' dir='ltr'>ire,</span> <span class='ocrx_word' id='word_1_164' title='bbox 888 2408 921 2464; x_wconf 92' lang='lat' dir='ltr'>in</span> <span class='ocrx_word' id='word_1_165' title='bbox 940 2411 1038 2468; x_wconf 84' lang='lat' dir='ltr'>animo</span> 
     </span>
     <span class='ocr_line' id='line_1_24' title="bbox 155 2502 1038 2576; baseline 0.005 -16"><span class='ocrx_word' id='word_1_166' title='bbox 155 2504 284 2576; x_wconf 81' lang='lat' dir='ltr'>haeserat,</span> <span class='ocrx_word' id='word_1_167' title='bbox 298 2505 399 2574; x_wconf 85' lang='lat' dir='ltr'>lilium,</span> <span class='ocrx_word' id='word_1_168' title='bbox 417 2509 530 2560; x_wconf 86' lang='lat' dir='ltr'>etcum</span> <span class='ocrx_word' id='word_1_169' title='bbox 544 2522 579 2560; x_wconf 86' lang='lat' dir='ltr'>ao</span> <span class='ocrx_word' id='word_1_170' title='bbox 596 2503 654 2559; x_wconf 89' lang='lat' dir='ltr'>duo</span> <span class='ocrx_word' id='word_1_171' title='bbox 671 2502 835 2572; x_wconf 83' lang='lat' dir='ltr'>familiares,</span> <span class='ocrx_word' id='word_1_172' title='bbox 850 2503 887 2559; x_wconf 87' lang='lat' dir='ltr'>ad</span> <span class='ocrx_word' id='word_1_173' title='bbox 905 2512 1038 2563; x_wconf 87' lang='lat' dir='ltr'>senatum</span> 
     </span>
     <span class='ocr_line' id='line_1_25' title="bbox 155 2598 1038 2675; baseline 0.003 -19"><span class='ocrx_word' id='word_1_174' title='bbox 155 2600 264 2675; x_wconf 84' lang='lat' dir='ltr'>legatos</span> <span class='ocrx_word' id='word_1_175' title='bbox 281 2601 392 2658; x_wconf 87' lang='lat' dir='ltr'>mittit:</span> <span class='ocrx_word' id='word_1_176' title='bbox 412 2600 522 2675; x_wconf 90' lang='lat' dir='ltr'>hisque,</span> <span class='ocrx_word' id='word_1_177' title='bbox 538 2605 571 2656; x_wconf 86' lang='lat' dir='ltr'>ut</span> <span class='ocrx_word' id='word_1_178' title='bbox 588 2599 654 2669; x_wconf 81' lang='lat' dir='ltr'>illis,</span> <span class='ocrx_word' id='word_1_179' title='bbox 673 2617 746 2674; x_wconf 83' lang='lat' dir='ltr'>quos</span> <span class='ocrx_word' id='word_1_180' title='bbox 760 2598 931 2675; x_wconf 83' lang='lat' dir='ltr'>Hiempsale</span> <span class='ocrx_word' id='word_1_181' title='bbox 948 2602 1038 2659; x_wconf 88' lang='lat' dir='ltr'>inter·</span> 
     </span>
     <span class='ocr_line' id='line_1_26' title="bbox 155 2694 1036 2770; baseline 0.003 -19"><span class='ocrx_word' id='word_1_182' title='bbox 155 2694 230 2753; x_wconf 87' lang='lat' dir='ltr'>fecto</span> <span class='ocrx_word' id='word_1_183' title='bbox 243 2695 369 2766; x_wconf 86' lang='lat' dir='ltr'>miserat,</span> <span class='ocrx_word' id='word_1_184' title='bbox 389 2695 532 2770; x_wconf 84' lang='lat' dir='ltr'>praecepit,</span> <span class='ocrx_word' id='word_1_185' title='bbox 548 2698 673 2751; x_wconf 90' lang='lat' dir='ltr'>“omnes</span> <span class='ocrx_word' id='word_1_186' title='bbox 692 2694 827 2750; x_wconf 81' lang='lat' dir='ltr'>mortales</span> <span class='ocrx_word' id='word_1_187' title='bbox 847 2697 969 2770; x_wconf 86' lang='lat' dir='ltr'>pecunia</span> <span class='ocrx_word' id='word_1_188' title='bbox 988 2698 1036 2754; x_wconf 87' lang='lat' dir='ltr'>ad·</span> 
     </span>
     <span class='ocr_line' id='line_1_27' title="bbox 155 2790 1037 2868; baseline 0.002 -20"><span class='ocrx_word' id='word_1_189' title='bbox 155 2791 350 2868; x_wconf 77' lang='lat' dir='ltr'>gradiantur.’&#39;</span> <span class='ocrx_word' id='word_1_190' title='bbox 391 2792 451 2862; x_wconf 79' lang='lat' dir='ltr'>Qui</span> <span class='ocrx_word' id='word_1_191' title='bbox 466 2796 620 2867; x_wconf 84' lang='lat' dir='ltr'>postquam</span> <span class='ocrx_word' id='word_1_192' title='bbox 634 2790 758 2847; x_wconf 88' lang='lat' dir='ltr'>Romam</span> <span class='ocrx_word' id='word_1_193' title='bbox 777 2790 982 2864; x_wconf 81' lang='lat' dir='ltr'>adventabant,</span> <span class='ocrx_word' id='word_1_194' title='bbox 996 2811 1037 2850; x_wconf 86' lang='lat' dir='ltr'>se-</span> 
     </span>
     <span class='ocr_line' id='line_1_28' title="bbox 155 2888 1037 2959; baseline -0.003 -12"><span class='ocrx_word' id='word_1_195' title='bbox 155 2896 242 2947; x_wconf 82' lang='lat' dir='ltr'>natus</span> <span class='ocrx_word' id='word_1_196' title='bbox 264 2909 283 2946; x_wconf 88' lang='lat' dir='ltr'>a</span> <span class='ocrx_word' id='word_1_197' title='bbox 309 2889 409 2946; x_wconf 81' lang='lat' dir='ltr'>Bestia</span> <span class='ocrx_word' id='word_1_198' title='bbox 431 2888 579 2944; x_wconf 82' lang='lat' dir='ltr'>consultus</span> <span class='ocrx_word' id='word_1_199' title='bbox 608 2892 660 2959; x_wconf 83' lang='lat' dir='ltr'>eat,</span> <span class='ocrx_word' id='word_1_200' title='bbox 693 2903 881 2944; x_wconf 71' lang='lat' dir='ltr'>maculamus</span> <span class='ocrx_word' id='word_1_201' title='bbox 908 2903 1037 2944; x_wconf 72' lang='lat' dir='ltr'>nnnacos</span> 
     </span>
    </p>
   </div>
   <div class='ocr_carea' id='block_1_6' title="bbox 150 2982 1038 3440">
    <p class='ocr_par' dir='ltr' id='par_1_7' title="bbox 150 2982 1038 3440">
     <span class='ocr_line' id='line_1_29' title="bbox 153 2982 1037 3058; baseline -0.007 -16"><span class='ocrx_word' id='word_1_202' title='bbox 153 2986 329 3043; x_wconf 77' lang='lat' dir='ltr'>Jnnunrnn</span> <span class='ocrx_word' id='word_1_203' title='bbox 354 3001 454 3042; x_wconf 81' lang='lat' dir='ltr'>numm</span> <span class='ocrx_word' id='word_1_204' title='bbox 480 2999 636 3041; x_wconf 77' lang='lat' dir='ltr'>ammaus:</span> <span class='ocrx_word' id='word_1_205' title='bbox 664 2982 743 3058; x_wconf 84' lang='lat' dir='ltr'>iique</span> <span class='ocrx_word' id='word_1_206' title='bbox 766 2982 924 3052; x_wconf 83' lang='lat' dir='ltr'>decrevere,</span> <span class='ocrx_word' id='word_1_207' title='bbox 954 2982 1037 3037; x_wconf 82' lang='lat' dir='ltr'>“nisi</span> 
     </span>
     <span class='ocr_line' id='line_1_30' title="bbox 154 3075 1036 3155; baseline -0.003 -18"><span class='ocrx_word' id='word_1_208' title='bbox 154 3099 277 3155; x_wconf 81' lang='lat' dir='ltr'>regnum</span> <span class='ocrx_word' id='word_1_209' title='bbox 300 3080 452 3155; x_wconf 83' lang='lat' dir='ltr'>ipsumque</span> <span class='ocrx_word' id='word_1_210' title='bbox 474 3079 605 3136; x_wconf 88' lang='lat' dir='ltr'>deditum</span> <span class='ocrx_word' id='word_1_211' title='bbox 628 3079 783 3148; x_wconf 85' lang='lat' dir='ltr'>venissent,</span> <span class='ocrx_word' id='word_1_212' title='bbox 808 3077 855 3132; x_wconf 91' lang='lat' dir='ltr'>uti</span> <span class='ocrx_word' id='word_1_213' title='bbox 881 3077 913 3132; x_wconf 90' lang='lat' dir='ltr'>iu</span> <span class='ocrx_word' id='word_1_214' title='bbox 935 3075 1036 3134; x_wconf 87' lang='lat' dir='ltr'>diebus</span> 
     </span>
     <span class='ocr_line' id='line_1_31' title="bbox 154 3171 1037 3252; baseline -0.006 -18"><span class='ocrx_word' id='word_1_215' title='bbox 154 3177 295 3252; x_wconf 86' lang='lat' dir='ltr'>proximis</span> <span class='ocrx_word' id='word_1_216' title='bbox 313 3175 411 3233; x_wconf 86' lang='lat' dir='ltr'>decem</span> <span class='ocrx_word' id='word_1_217' title='bbox 427 3175 518 3235; x_wconf 84' lang='lat' dir='ltr'>Italia</span> <span class='ocrx_word' id='word_1_218' title='bbox 533 3173 729 3232; x_wconf 77' lang='lat' dir='ltr'>decederent&#39;&#39;</span> <span class='ocrx_word' id='word_1_219' title='bbox 771 3172 879 3230; x_wconf 78' lang='lat' dir='ltr'>Consul</span> <span class='ocrx_word' id='word_1_220' title='bbox 898 3171 1037 3231; x_wconf 82' lang='lat' dir='ltr'>Numidis</span> 
     </span>
     <span class='ocr_line' id='line_1_32' title="bbox 154 3267 1038 3344; baseline -0.006 -16"><span class='ocrx_word' id='word_1_221' title='bbox 154 3291 193 3328; x_wconf 86' lang='lat' dir='ltr'>cx</span> <span class='ocrx_word' id='word_1_222' title='bbox 206 3271 299 3328; x_wconf 86' lang='lat' dir='ltr'>senati</span> <span class='ocrx_word' id='word_1_223' title='bbox 313 3271 427 3330; x_wconf 86' lang='lat' dir='ltr'>decreto</span> <span class='ocrx_word' id='word_1_224' title='bbox 440 3269 574 3328; x_wconf 82' lang='lat' dir='ltr'>nunciari</span> <span class='ocrx_word' id='word_1_225' title='bbox 582 3270 687 3344; x_wconf 89' lang='lat' dir='ltr'>jubet:</span> <span class='ocrx_word' id='word_1_226' title='bbox 707 3270 750 3326; x_wconf 91' lang='lat' dir='ltr'>ita</span> <span class='ocrx_word' id='word_1_227' title='bbox 765 3267 880 3325; x_wconf 80' lang='lat' dir='ltr'>iniectis</span> <span class='ocrx_word' id='word_1_228' title='bbox 894 3268 979 3324; x_wconf 89' lang='lat' dir='ltr'>rebus</span> <span class='ocrx_word' id='word_1_229' title='bbox 992 3267 1038 3324; x_wconf 92' lang='lat' dir='ltr'>illi</span> 
     </span>
     <span class='ocr_line' id='line_1_33' title="bbox 150 3364 1036 3440; baseline -0.003 -16"><span class='ocrx_word' id='word_1_230' title='bbox 150 3366 273 3424; x_wconf 88' lang='lat' dir='ltr'>domum</span> <span class='ocrx_word' id='word_1_231' title='bbox 291 3366 448 3424; x_wconf 86' lang='lat' dir='ltr'>discedunt</span> <span class='ocrx_word' id='word_1_232' title='bbox 491 3366 617 3425; x_wconf 88' lang='lat' dir='ltr'>Interim</span> <span class='ocrx_word' id='word_1_233' title='bbox 634 3364 815 3440; x_wconf 76' lang='lat' dir='ltr'>Calpurnius,</span> <span class='ocrx_word' id='word_1_234' title='bbox 835 3370 935 3439; x_wconf 87' lang='lat' dir='ltr'>parato</span> <span class='ocrx_word' id='word_1_235' title='bbox 956 3382 1036 3421; x_wconf 84' lang='lat' dir='ltr'>exer·</span> 
     </span>
    </p>
   </div>
   <div class='ocr_carea' id='block_1_7' title="bbox 0 0 1218 3790">
    <p class='ocr_par' dir='ltr' id='par_1_8' title="bbox 0 0 1218 3790">
     <span class='ocr_line' id='line_1_34' title="bbox 0 0 1218 3790; baseline 0 0"><span class='ocrx_word' id='word_1_236' title='bbox 0 0 1218 3790; x_wconf 95' lang='lat' dir='ltr'> </span> 
     </span>
    </p>
   </div>
  </div>
 </body>
</html>
