<?xml version="1.0" encoding="UTF-8"?>
<!DOCTYPE html PUBLIC "-//W3C//DTD XHTML 1.0 Transitional//EN"
    "http://www.w3.org/TR/xhtml1/DTD/xhtml1-transitional.dtd">
<html xmlns="http://www.w3.org/1999/xhtml" xml:lang="en" lang="en">
 <head>
  <title>
</title>
<meta http-equiv="Content-Type" content="text/html;charset=utf-8" />
  <meta name='ocr-system' content='tesseract 3.04.00' />
  <meta name='ocr-capabilities' content='ocr_page ocr_carea ocr_par ocr_line ocrx_word'/>
</head>
<body>
  <div class='ocr_page' id='page_1' title='image "./caiisallustiicr00merigoog_0186.png"; bbox 0 0 2426 3790; ppageno 0'>
   <div class='ocr_carea' id='block_1_1' title="bbox 353 238 1039 310">
    <p class='ocr_par' dir='ltr' id='par_1_1' title="bbox 353 238 1039 310">
     <span class='ocr_line' id='line_1_1' title="bbox 353 238 1039 310; baseline 0.009 -6"><span class='ocrx_word' id='word_1_1' title='bbox 353 238 577 304; x_wconf 71' lang='lat' dir='ltr'><em>SALLUSTII</em></span> <span class='ocrx_word' id='word_1_2' title='bbox 603 245 630 302; x_wconf 92' lang='lat' dir='ltr'><em>J</em></span> <span class='ocrx_word' id='word_1_3' title='bbox 633 246 661 304; x_wconf 83' lang='lat' dir='ltr'><em>U</em></span> <span class='ocrx_word' id='word_1_4' title='bbox 662 247 687 305; x_wconf 77' lang='lat' dir='ltr'><em>G</em></span> <span class='ocrx_word' id='word_1_5' title='bbox 693 244 840 308; x_wconf 68' lang='lat' dir='ltr'><strong>vanni.</strong></span> <span class='ocrx_word' id='word_1_6' title='bbox 1002 253 1039 310; x_wconf 80' lang='lat'><strong>25</strong></span> 
     </span>
    </p>
   </div>
   <div class='ocr_carea' id='block_1_2' title="bbox 140 394 1041 2394">
    <p class='ocr_par' dir='ltr' id='par_1_2' title="bbox 145 394 1041 1054">
     <span class='ocr_line' id='line_1_2' title="bbox 150 394 1041 474; baseline 0.008 -20"><span class='ocrx_word' id='word_1_7' title='bbox 150 399 278 474; x_wconf 83' lang='lat' dir='ltr'><strong>peretur,</strong></span> <span class='ocrx_word' id='word_1_8' title='bbox 299 394 412 471; x_wconf 86' lang='lat' dir='ltr'><strong>reliqua</strong></span> <span class='ocrx_word' id='word_1_9' title='bbox 431 414 497 452; x_wconf 90' lang='lat' dir='ltr'><strong>cum</strong></span> <span class='ocrx_word' id='word_1_10' title='bbox 518 394 617 453; x_wconf 85' lang='lat' dir='ltr'><strong>Bestia</strong></span> <span class='ocrx_word' id='word_1_11' title='bbox 640 403 671 454; x_wconf 87' lang='lat' dir='ltr'><strong>et</strong></span> <span class='ocrx_word' id='word_1_12' title='bbox 692 397 801 456; x_wconf 87' lang='lat' dir='ltr'><strong>Scauro</strong></span> <span class='ocrx_word' id='word_1_13' title='bbox 819 406 929 459; x_wconf 85' lang='lat' dir='ltr'><strong>secreta</strong></span> <span class='ocrx_word' id='word_1_14' title='bbox 947 408 1041 461; x_wconf 81' lang='lat' dir='ltr'><strong>trans·</strong></span> 
     </span>
     <span class='ocr_line' id='line_1_3' title="bbox 149 491 1040 574; baseline 0.008 -24"><span class='ocrx_word' id='word_1_15' title='bbox 149 491 225 569; x_wconf 77' lang='lat' dir='ltr'><strong>igit:</strong></span> <span class='ocrx_word' id='word_1_16' title='bbox 253 492 323 549; x_wconf 88' lang='lat' dir='ltr'><strong>dein</strong></span> <span class='ocrx_word' id='word_1_17' title='bbox 341 496 457 568; x_wconf 86' lang='lat' dir='ltr'><strong>postero</strong></span> <span class='ocrx_word' id='word_1_18' title='bbox 477 491 533 564; x_wconf 90' lang='lat' dir='ltr'><strong>die,</strong></span> <span class='ocrx_word' id='word_1_19' title='bbox 555 492 639 568; x_wconf 82' lang='lat' dir='ltr'>quasi</span> <span class='ocrx_word' id='word_1_20' title='bbox 657 511 710 568; x_wconf 87' lang='lat' dir='ltr'><strong>per</strong></span> <span class='ocrx_word' id='word_1_21' title='bbox 733 501 862 553; x_wconf 86' lang='lat' dir='ltr'><strong>saturam</strong></span> <span class='ocrx_word' id='word_1_22' title='bbox 886 498 1040 574; x_wconf 74' lang='lat' dir='ltr'><strong>exquisitis</strong></span> 
     </span>
     <span class='ocr_line' id='line_1_4' title="bbox 149 587 1040 670; baseline 0.006 -23"><span class='ocrx_word' id='word_1_23' title='bbox 149 589 311 661; x_wconf 71' lang='lat' dir='ltr'><strong>sententiis,</strong></span> <span class='ocrx_word' id='word_1_24' title='bbox 326 587 360 645; x_wconf 92' lang='lat' dir='ltr'><strong>in</strong></span> <span class='ocrx_word' id='word_1_25' title='bbox 379 588 558 646; x_wconf 84' lang='lat' dir='ltr'><strong>deditionem</strong></span> <span class='ocrx_word' id='word_1_26' title='bbox 577 589 727 664; x_wconf 77' lang='lat' dir='ltr'><strong>accipitur.</strong></span> <span class='ocrx_word' id='word_1_27' title='bbox 769 590 835 659; x_wconf 80' lang='lat' dir='ltr'><strong>Sed,</strong></span> <span class='ocrx_word' id='word_1_28' title='bbox 849 593 895 651; x_wconf 87' lang='lat' dir='ltr'><strong>uti</strong></span> <span class='ocrx_word' id='word_1_29' title='bbox 907 613 961 670; x_wconf 88' lang='lat' dir='ltr'><strong>pro</strong></span> <span class='ocrx_word' id='word_1_30' title='bbox 974 613 1040 652; x_wconf 90' lang='lat' dir='ltr'><strong>con·</strong></span> 
     </span>
     <span class='ocr_line' id='line_1_5' title="bbox 149 683 1039 768; baseline 0.006 -25"><span class='ocrx_word' id='word_1_31' title='bbox 149 685 215 744; x_wconf 88' lang='lat' dir='ltr'><strong>silio</strong></span> <span class='ocrx_word' id='word_1_32' title='bbox 235 686 419 761; x_wconf 90' lang='lat' dir='ltr'><strong>imperatum,</strong></span> <span class='ocrx_word' id='word_1_33' title='bbox 438 683 586 759; x_wconf 78' lang='lat' dir='ltr'><strong>elephanti</strong></span> <span class='ocrx_word' id='word_1_34' title='bbox 606 684 736 760; x_wconf 82' lang='lat' dir='ltr'><strong>triginta,</strong></span> <span class='ocrx_word' id='word_1_35' title='bbox 755 704 843 761; x_wconf 82' lang='lat' dir='ltr'><strong>pecus</strong></span> <span class='ocrx_word' id='word_1_36' title='bbox 862 693 950 765; x_wconf 88' lang='lat' dir='ltr'><strong>atque</strong></span> <span class='ocrx_word' id='word_1_37' title='bbox 969 691 1039 768; x_wconf 90' lang='lat' dir='ltr'><strong>equi</strong></span> 
     </span>
     <span class='ocr_line' id='line_1_6' title="bbox 148 781 1035 860; baseline 0.009 -21"><span class='ocrx_word' id='word_1_38' title='bbox 148 783 246 855; x_wconf 90' lang='lat' dir='ltr'><strong>multi,</strong></span> <span class='ocrx_word' id='word_1_39' title='bbox 261 800 328 839; x_wconf 90' lang='lat' dir='ltr'><strong>cum</strong></span> <span class='ocrx_word' id='word_1_40' title='bbox 340 801 430 858; x_wconf 81' lang='lat' dir='ltr'><strong>parvo</strong></span> <span class='ocrx_word' id='word_1_41' title='bbox 443 781 558 858; x_wconf 85' lang='lat' dir='ltr'><strong>argenti</strong></span> <span class='ocrx_word' id='word_1_42' title='bbox 570 783 707 860; x_wconf 87' lang='lat' dir='ltr'><strong>pondere,</strong></span> <span class='ocrx_word' id='word_1_43' title='bbox 718 786 858 860; x_wconf 75' lang='lat' dir='ltr'><strong>quaestori</strong></span> <span class='ocrx_word' id='word_1_44' title='bbox 870 787 1035 847; x_wconf 90' lang='lat' dir='ltr'><strong>traduntur.</strong></span> 
     </span>
     <span class='ocr_line' id='line_1_7' title="bbox 149 877 1038 959; baseline 0.008 -23"><span class='ocrx_word' id='word_1_45' title='bbox 149 878 326 955; x_wconf 79' lang='lat' dir='ltr'><strong>Calpurnius</strong></span> <span class='ocrx_word' id='word_1_46' title='bbox 341 878 468 936; x_wconf 82' lang='lat' dir='ltr'><strong>Romam</strong></span> <span class='ocrx_word' id='word_1_47' title='bbox 487 877 525 935; x_wconf 88' lang='lat' dir='ltr'><strong>ad</strong></span> <span class='ocrx_word' id='word_1_48' title='bbox 544 879 731 954; x_wconf 76' lang='lat' dir='ltr'><strong>magistratus</strong></span> <span class='ocrx_word' id='word_1_49' title='bbox 751 882 894 957; x_wconf 84' lang='lat' dir='ltr'><strong>rogandos</strong></span> <span class='ocrx_word' id='word_1_50' title='bbox 913 884 1038 959; x_wconf 83' lang='lat' dir='ltr'><strong>proticis-</strong></span> 
     </span>
     <span class='ocr_line' id='line_1_8' title="bbox 145 973 1034 1054; baseline 0.006 -19"><span class='ocrx_word' id='word_1_51' title='bbox 145 975 234 1036; x_wconf 85' lang='lat' dir='ltr'><strong>citur.</strong></span> <span class='ocrx_word' id='word_1_52' title='bbox 277 975 316 1032; x_wconf 91' lang='lat' dir='ltr'><strong>In</strong></span> <span class='ocrx_word' id='word_1_53' title='bbox 329 975 473 1032; x_wconf 84' lang='lat' dir='ltr'><strong>Numidia</strong></span> <span class='ocrx_word' id='word_1_54' title='bbox 486 979 516 1032; x_wconf 89' lang='lat' dir='ltr'><strong>et</strong></span> <span class='ocrx_word' id='word_1_55' title='bbox 529 973 662 1032; x_wconf 84' lang='lat' dir='ltr'><strong>exercitu</strong></span> <span class='ocrx_word' id='word_1_56' title='bbox 674 982 775 1035; x_wconf 83' lang='lat' dir='ltr'><strong>nostro</strong></span> <span class='ocrx_word' id='word_1_57' title='bbox 788 997 848 1054; x_wconf 82' lang='lat' dir='ltr'><strong>pax</strong></span> <span class='ocrx_word' id='word_1_58' title='bbox 860 980 1034 1054; x_wconf 74' lang='lat' dir='ltr'><strong>agitabatur.</strong></span> 
     </span>
    </p>

    <p class='ocr_par' dir='ltr' id='par_1_3' title="bbox 140 1072 1036 2394">
     <span class='ocr_line' id='line_1_9' title="bbox 206 1072 1036 1155; baseline 0.007 -24"><span class='ocrx_word' id='word_1_59' title='bbox 206 1072 313 1131; x_wconf 84' lang='lat' dir='ltr'>XXX.</span> <span class='ocrx_word' id='word_1_60' title='bbox 355 1072 516 1149; x_wconf 78' lang='lat' dir='ltr'><strong>Postquam</strong></span> <span class='ocrx_word' id='word_1_61' title='bbox 542 1092 589 1130; x_wconf 88' lang='lat' dir='ltr'><strong>res</strong></span> <span class='ocrx_word' id='word_1_62' title='bbox 611 1073 642 1129; x_wconf 90' lang='lat' dir='ltr'><strong>in</strong></span> <span class='ocrx_word' id='word_1_63' title='bbox 667 1073 770 1132; x_wconf 82' lang='lat' dir='ltr'><strong>Africa</strong></span> <span class='ocrx_word' id='word_1_64' title='bbox 792 1081 896 1151; x_wconf 82' lang='lat' dir='ltr'><strong>gestas,</strong></span> <span class='ocrx_word' id='word_1_65' title='bbox 921 1096 1036 1155; x_wconf 91' lang='lat' dir='ltr'><strong>quoque</strong></span> 
     </span>
     <span class='ocr_line' id='line_1_10' title="bbox 147 1168 1035 1247; baseline 0.002 -20"><span class='ocrx_word' id='word_1_66' title='bbox 147 1170 233 1227; x_wconf 88' lang='lat' dir='ltr'><strong>modo</strong></span> <span class='ocrx_word' id='word_1_67' title='bbox 252 1174 324 1226; x_wconf 88' lang='lat' dir='ltr'><strong>actae</strong></span> <span class='ocrx_word' id='word_1_68' title='bbox 344 1168 449 1239; x_wconf 86' lang='lat' dir='ltr'><strong>forent,</strong></span> <span class='ocrx_word' id='word_1_69' title='bbox 463 1169 541 1225; x_wconf 84' lang='lat' dir='ltr'><strong>fama</strong></span> <span class='ocrx_word' id='word_1_70' title='bbox 560 1169 732 1246; x_wconf 79' lang='lat' dir='ltr'><strong>divulgavit,</strong></span> <span class='ocrx_word' id='word_1_71' title='bbox 747 1170 849 1228; x_wconf 83' lang='lat' dir='ltr'><strong>Romae</strong></span> <span class='ocrx_word' id='word_1_72' title='bbox 867 1191 919 1247; x_wconf 91' lang='lat' dir='ltr'><strong>per</strong></span> <span class='ocrx_word' id='word_1_73' title='bbox 937 1193 1035 1231; x_wconf 72' lang='lat' dir='ltr'><strong>omnes</strong></span> 
     </span>
     <span class='ocr_line' id='line_1_11' title="bbox 146 1263 1034 1343; baseline 0.006 -22"><span class='ocrx_word' id='word_1_74' title='bbox 146 1264 223 1322; x_wconf 86' lang='lat' dir='ltr'><strong>locos</strong></span> <span class='ocrx_word' id='word_1_75' title='bbox 248 1269 280 1321; x_wconf 89' lang='lat' dir='ltr'><strong>et</strong></span> <span class='ocrx_word' id='word_1_76' title='bbox 305 1268 465 1321; x_wconf 85' lang='lat' dir='ltr'><strong>conventus</strong></span> <span class='ocrx_word' id='word_1_77' title='bbox 492 1263 528 1320; x_wconf 87' lang='lat' dir='ltr'><strong>de</strong></span> <span class='ocrx_word' id='word_1_78' title='bbox 555 1264 631 1321; x_wconf 85' lang='lat' dir='ltr'><strong>facto</strong></span> <span class='ocrx_word' id='word_1_79' title='bbox 654 1265 780 1322; x_wconf 86' lang='lat' dir='ltr'><strong>consulis</strong></span> <span class='ocrx_word' id='word_1_80' title='bbox 807 1263 929 1339; x_wconf 76' lang='lat' dir='ltr'><strong>agitari:</strong></span> <span class='ocrx_word' id='word_1_81' title='bbox 957 1270 1034 1343; x_wconf 88' lang='lat' dir='ltr'><strong>apud</strong></span> 
     </span>
     <span class='ocr_line' id='line_1_12' title="bbox 145 1357 1032 1438; baseline 0.003 -21"><span class='ocrx_word' id='word_1_82' title='bbox 145 1361 259 1438; x_wconf 80' lang='lat' dir='ltr'><strong>plebem</strong></span> <span class='ocrx_word' id='word_1_83' title='bbox 279 1359 377 1436; x_wconf 85' lang='lat' dir='ltr'><strong>gravis</strong></span> <span class='ocrx_word' id='word_1_84' title='bbox 395 1359 508 1416; x_wconf 86' lang='lat' dir='ltr'><strong>invidia</strong></span> <span class='ocrx_word' id='word_1_85' title='bbox 517 1376 527 1430; x_wconf 79' lang='lat'><em>3</em></span> <span class='ocrx_word' id='word_1_86' title='bbox 548 1358 653 1416; x_wconf 91' lang='lat' dir='ltr'><strong>Patres</strong></span> <span class='ocrx_word' id='word_1_87' title='bbox 671 1357 789 1415; x_wconf 81' lang='lat' dir='ltr'><strong>solliciti</strong></span> <span class='ocrx_word' id='word_1_88' title='bbox 808 1366 893 1417; x_wconf 87' lang='lat' dir='ltr'><strong>erant</strong></span> <span class='ocrx_word' id='word_1_89' title='bbox 902 1378 912 1431; x_wconf 80' lang='lat'>3</span> <span class='ocrx_word' id='word_1_90' title='bbox 933 1364 1032 1437; x_wconf 87' lang='lat' dir='ltr'><strong>proba-</strong></span> 
     </span>
     <span class='ocr_line' id='line_1_13' title="bbox 145 1454 1032 1532; baseline 0 -17"><span class='ocrx_word' id='word_1_91' title='bbox 145 1464 250 1515; x_wconf 86' lang='lat' dir='ltr'><strong>rentne</strong></span> <span class='ocrx_word' id='word_1_92' title='bbox 263 1462 379 1514; x_wconf 84' lang='lat' dir='ltr'><strong>tantum</strong></span> <span class='ocrx_word' id='word_1_93' title='bbox 392 1455 545 1532; x_wconf 80' lang='lat' dir='ltr'><strong>flagitium,</strong></span> <span class='ocrx_word' id='word_1_94' title='bbox 560 1474 598 1512; x_wconf 87' lang='lat' dir='ltr'><strong>an</strong></span> <span class='ocrx_word' id='word_1_95' title='bbox 616 1454 765 1512; x_wconf 87' lang='lat' dir='ltr'><strong>decretum</strong></span> <span class='ocrx_word' id='word_1_96' title='bbox 778 1455 905 1514; x_wconf 83' lang='lat' dir='ltr'><strong>consulis</strong></span> <span class='ocrx_word' id='word_1_97' title='bbox 917 1458 1032 1515; x_wconf 79' lang='lat' dir='ltr'><strong>subver-</strong></span> 
     </span>
     <span class='ocr_line' id='line_1_14' title="bbox 145 1549 1031 1630; baseline 0 -18"><span class='ocrx_word' id='word_1_98' title='bbox 145 1559 251 1626; x_wconf 84' lang='lat' dir='ltr'><strong>terent,</strong></span> <span class='ocrx_word' id='word_1_99' title='bbox 273 1572 378 1630; x_wconf 85' lang='lat' dir='ltr'><strong>parum</strong></span> <span class='ocrx_word' id='word_1_100' title='bbox 404 1552 562 1610; x_wconf 83' lang='lat' dir='ltr'><strong>constabat.</strong></span> <span class='ocrx_word' id='word_1_101' title='bbox 604 1550 653 1607; x_wconf 86' lang='lat' dir='ltr'><strong>Ac</strong></span> <span class='ocrx_word' id='word_1_102' title='bbox 678 1549 806 1607; x_wconf 87' lang='lat' dir='ltr'><strong>maxime</strong></span> <span class='ocrx_word' id='word_1_103' title='bbox 832 1570 879 1608; x_wconf 88' lang='lat' dir='ltr'><strong>eos</strong></span> <span class='ocrx_word' id='word_1_104' title='bbox 901 1556 1031 1627; x_wconf 83' lang='lat' dir='ltr'><strong>potentia</strong></span> 
     </span>
     <span class='ocr_line' id='line_1_15' title="bbox 143 1645 1031 1726; baseline -0.001 -18"><span class='ocrx_word' id='word_1_105' title='bbox 143 1649 255 1723; x_wconf 79' lang='lat' dir='ltr'><strong>Scauri,</strong></span> <span class='ocrx_word' id='word_1_106' title='bbox 275 1649 354 1726; x_wconf 88' lang='lat' dir='ltr'><strong>quod</strong></span> <span class='ocrx_word' id='word_1_107' title='bbox 374 1648 402 1706; x_wconf 87' lang='lat' dir='ltr'><strong>is</strong></span> <span class='ocrx_word' id='word_1_108' title='bbox 422 1654 524 1706; x_wconf 84' lang='lat' dir='ltr'><strong>auctor</strong></span> <span class='ocrx_word' id='word_1_109' title='bbox 546 1652 577 1704; x_wconf 88' lang='lat' dir='ltr'><strong>et</strong></span> <span class='ocrx_word' id='word_1_110' title='bbox 596 1646 690 1703; x_wconf 88' lang='lat' dir='ltr'><strong>socius</strong></span> <span class='ocrx_word' id='word_1_111' title='bbox 712 1645 818 1702; x_wconf 82' lang='lat' dir='ltr'><strong>Bestiae</strong></span> <span class='ocrx_word' id='word_1_112' title='bbox 838 1646 992 1721; x_wconf 85' lang='lat' dir='ltr'><strong>serebatur,</strong></span> <span class='ocrx_word' id='word_1_113' title='bbox 1013 1669 1031 1707; x_wconf 92' lang='lat' dir='ltr'><strong>a</strong></span> 
     </span>
     <span class='ocr_line' id='line_1_16' title="bbox 143 1740 1030 1821; baseline 0.001 -19"><span class='ocrx_word' id='word_1_114' title='bbox 143 1764 213 1804; x_wconf 79' lang='lat' dir='ltr'><strong>vero</strong></span> <span class='ocrx_word' id='word_1_115' title='bbox 231 1746 364 1821; x_wconf 88' lang='lat' dir='ltr'><strong>bonoque</strong></span> <span class='ocrx_word' id='word_1_116' title='bbox 382 1744 566 1821; x_wconf 85' lang='lat' dir='ltr'><strong>impediebat.</strong></span> <span class='ocrx_word' id='word_1_117' title='bbox 609 1743 655 1799; x_wconf 88' lang='lat' dir='ltr'><strong>At</strong></span> <span class='ocrx_word' id='word_1_118' title='bbox 670 1741 701 1799; x_wconf 84' lang='lat' dir='ltr'><strong>O.</strong></span> <span class='ocrx_word' id='word_1_119' title='bbox 718 1740 884 1814; x_wconf 88' lang='lat' dir='ltr'><strong>Memmius,</strong></span> <span class='ocrx_word' id='word_1_120' title='bbox 899 1744 1030 1819; x_wconf 84' lang='lat' dir='ltr'><strong>cujusda</strong></span> 
     </span>
     <span class='ocr_line' id='line_1_17' title="bbox 143 1836 1030 1916; baseline -0.005 -16"><span class='ocrx_word' id='word_1_121' title='bbox 143 1841 280 1899; x_wconf 90' lang='lat' dir='ltr'><strong>libertate</strong></span> <span class='ocrx_word' id='word_1_122' title='bbox 292 1840 402 1916; x_wconf 83' lang='lat' dir='ltr'><strong>ingenii</strong></span> <span class='ocrx_word' id='word_1_123' title='bbox 416 1844 446 1898; x_wconf 89' lang='lat' dir='ltr'><strong>et</strong></span> <span class='ocrx_word' id='word_1_124' title='bbox 458 1839 526 1895; x_wconf 86' lang='lat' dir='ltr'><strong>odio</strong></span> <span class='ocrx_word' id='word_1_125' title='bbox 538 1836 676 1913; x_wconf 77' lang='lat' dir='ltr'><strong>potentiae</strong></span> <span class='ocrx_word' id='word_1_126' title='bbox 685 1836 849 1895; x_wconf 83' lang='lat' dir='ltr'><strong>nobilitatis</strong></span> <span class='ocrx_word' id='word_1_127' title='bbox 859 1857 946 1914; x_wconf 87' lang='lat' dir='ltr'><strong>supra</strong></span> <span class='ocrx_word' id='word_1_128' title='bbox 955 1839 1030 1896; x_wconf 87' lang='lat' dir='ltr'><strong>dixi·</strong></span> 
     </span>
     <span class='ocr_line' id='line_1_18' title="bbox 142 1932 1030 2009; baseline -0.003 -14"><span class='ocrx_word' id='word_1_129' title='bbox 142 1955 217 2009; x_wconf 89' lang='lat' dir='ltr'><strong>mus,</strong></span> <span class='ocrx_word' id='word_1_130' title='bbox 231 1938 310 1995; x_wconf 85' lang='lat' dir='ltr'><strong>inter</strong></span> <span class='ocrx_word' id='word_1_131' title='bbox 329 1935 541 1999; x_wconf 82' lang='lat' dir='ltr'><strong>dubitationem</strong></span> <span class='ocrx_word' id='word_1_132' title='bbox 561 1938 592 1990; x_wconf 88' lang='lat' dir='ltr'><strong>et</strong></span> <span class='ocrx_word' id='word_1_133' title='bbox 612 1952 707 1990; x_wconf 87' lang='lat' dir='ltr'><strong>moras</strong></span> <span class='ocrx_word' id='word_1_134' title='bbox 726 1932 828 2003; x_wconf 88' lang='lat' dir='ltr'><strong>senati,</strong></span> <span class='ocrx_word' id='word_1_135' title='bbox 845 1933 1030 1993; x_wconf 85' lang='lat' dir='ltr'><strong>concionibus</strong></span> 
     </span>
     <span class='ocr_line' id='line_1_19' title="bbox 142 2030 1030 2110; baseline -0.002 -19"><span class='ocrx_word' id='word_1_136' title='bbox 142 2034 284 2110; x_wconf 89' lang='lat' dir='ltr'><strong>populum</strong></span> <span class='ocrx_word' id='word_1_137' title='bbox 303 2033 341 2090; x_wconf 86' lang='lat' dir='ltr'><strong>ad</strong></span> <span class='ocrx_word' id='word_1_138' title='bbox 360 2032 569 2091; x_wconf 80' lang='lat' dir='ltr'><strong>vindicandum</strong></span> <span class='ocrx_word' id='word_1_139' title='bbox 592 2030 722 2089; x_wconf 79' lang='lat' dir='ltr'><strong>hortati:</strong></span> <span class='ocrx_word' id='word_1_140' title='bbox 750 2050 875 2102; x_wconf 87' lang='lat' dir='ltr'><strong>monere,</strong></span> <span class='ocrx_word' id='word_1_141' title='bbox 895 2051 934 2088; x_wconf 90' lang='lat' dir='ltr'><strong>ne</strong></span> <span class='ocrx_word' id='word_1_142' title='bbox 956 2051 1030 2090; x_wconf 89' lang='lat' dir='ltr'><strong>rem-</strong></span> 
     </span>
     <span class='ocr_line' id='line_1_20' title="bbox 140 2126 1029 2206; baseline 0.001 -21"><span class='ocrx_word' id='word_1_143' title='bbox 140 2129 296 2206; x_wconf 84' lang='lat' dir='ltr'><strong>publicam,</strong></span> <span class='ocrx_word' id='word_1_144' title='bbox 317 2147 355 2184; x_wconf 88' lang='lat' dir='ltr'><strong>ne</strong></span> <span class='ocrx_word' id='word_1_145' title='bbox 375 2126 541 2184; x_wconf 90' lang='lat' dir='ltr'><strong>libertatem</strong></span> <span class='ocrx_word' id='word_1_146' title='bbox 561 2145 643 2183; x_wconf 84' lang='lat' dir='ltr'><strong>suam</strong></span> <span class='ocrx_word' id='word_1_147' title='bbox 663 2126 847 2184; x_wconf 83' lang='lat' dir='ltr'><strong>desererent:</strong></span> <span class='ocrx_word' id='word_1_148' title='bbox 869 2127 964 2185; x_wconf 84' lang='lat' dir='ltr'><strong>multa</strong></span> <span class='ocrx_word' id='word_1_149' title='bbox 983 2147 1029 2186; x_wconf 88' lang='lat' dir='ltr'><strong>su·</strong></span> 
     </span>
     <span class='ocr_line' id='line_1_21' title="bbox 141 2222 1029 2301; baseline 0.002 -19"><span class='ocrx_word' id='word_1_150' title='bbox 141 2226 231 2301; x_wconf 88' lang='lat' dir='ltr'><strong>perba</strong></span> <span class='ocrx_word' id='word_1_151' title='bbox 249 2232 278 2282; x_wconf 91' lang='lat' dir='ltr'><strong>et</strong></span> <span class='ocrx_word' id='word_1_152' title='bbox 295 2223 424 2281; x_wconf 88' lang='lat' dir='ltr'><strong>crudelia</strong></span> <span class='ocrx_word' id='word_1_153' title='bbox 440 2222 569 2280; x_wconf 67' lang='lat' dir='ltr'><strong>lacincra</strong></span> <span class='ocrx_word' id='word_1_154' title='bbox 581 2222 744 2281; x_wconf 83' lang='lat' dir='ltr'><strong>nobilitatis</strong></span> <span class='ocrx_word' id='word_1_155' title='bbox 757 2223 927 2283; x_wconf 87' lang='lat' dir='ltr'><strong>ostendere:</strong></span> <span class='ocrx_word' id='word_1_156' title='bbox 947 2244 1029 2301; x_wconf 89' lang='lat' dir='ltr'><strong>pror-</strong></span> 
     </span>
     <span class='ocr_line' id='line_1_22' title="bbox 141 2318 1027 2394; baseline 0.005 -16"><span class='ocrx_word' id='word_1_157' title='bbox 141 2339 192 2378; x_wconf 83' lang='lat' dir='ltr'><strong>sus</strong></span> <span class='ocrx_word' id='word_1_158' title='bbox 211 2322 343 2377; x_wconf 86' lang='lat' dir='ltr'><strong>intentus</strong></span> <span class='ocrx_word' id='word_1_159' title='bbox 366 2319 446 2376; x_wconf 85' lang='lat' dir='ltr'><strong>omni</strong></span> <span class='ocrx_word' id='word_1_160' title='bbox 466 2319 553 2375; x_wconf 85' lang='lat' dir='ltr'><strong>modo</strong></span> <span class='ocrx_word' id='word_1_161' title='bbox 573 2318 667 2394; x_wconf 84' lang='lat' dir='ltr'><strong>plebia</strong></span> <span class='ocrx_word' id='word_1_162' title='bbox 685 2319 820 2377; x_wconf 85' lang='lat' dir='ltr'><strong>animum</strong></span> <span class='ocrx_word' id='word_1_163' title='bbox 842 2322 1027 2383; x_wconf 87' lang='lat' dir='ltr'><strong>accendebat.</strong></span> 
     </span>
    </p>
   </div>
   <div class='ocr_carea' id='block_1_3' title="bbox 133 2398 1027 2494">
    <p class='ocr_par' dir='ltr' id='par_1_4' title="bbox 133 2398 1027 2494">
     <span class='ocr_line' id='line_1_23' title="bbox 133 2398 1027 2494; baseline 0.004 -20"><span class='ocrx_word' id='word_1_164' title='bbox 133 2398 207 2489; x_wconf 70' lang='lat' dir='ltr'><strong>¹iled,</strong></span> <span class='ocrx_word' id='word_1_165' title='bbox 222 2418 360 2494; x_wconf 90' lang='lat' dir='ltr'><strong>quoniam</strong></span> <span class='ocrx_word' id='word_1_166' title='bbox 377 2434 412 2472; x_wconf 90' lang='lat' dir='ltr'><strong>ea</strong></span> <span class='ocrx_word' id='word_1_167' title='bbox 424 2420 597 2491; x_wconf 85' lang='lat' dir='ltr'><strong>tempestate</strong></span> <span class='ocrx_word' id='word_1_168' title='bbox 616 2415 719 2473; x_wconf 70' lang='grc' dir='ltr'><strong>Βοωω</strong></span> <span class='ocrx_word' id='word_1_169' title='bbox 737 2415 872 2474; x_wconf 86' lang='lat' dir='ltr'><strong>Memmii</strong></span> <span class='ocrx_word' id='word_1_170' title='bbox 889 2418 1027 2478; x_wconf 76' lang='lat' dir='ltr'><strong>facundia</strong></span> 
     </span>
    </p>
   </div>
   <div class='ocr_carea' id='block_1_4' title="bbox 133 2512 1026 3360">
    <p class='ocr_par' dir='ltr' id='par_1_5' title="bbox 136 2512 1026 2860">
     <span class='ocr_line' id='line_1_24' title="bbox 138 2512 1026 2591; baseline 0.001 -17"><span class='ocrx_word' id='word_1_171' title='bbox 138 2515 219 2575; x_wconf 86' lang='lat' dir='ltr'><strong>clara</strong></span> <span class='ocrx_word' id='word_1_172' title='bbox 237 2514 406 2591; x_wconf 87' lang='lat' dir='ltr'><strong>pollensque</strong></span> <span class='ocrx_word' id='word_1_173' title='bbox 425 2514 491 2584; x_wconf 87' lang='lat' dir='ltr'><strong>fuit,</strong></span> <span class='ocrx_word' id='word_1_174' title='bbox 503 2514 603 2570; x_wconf 86' lang='lat' dir='ltr'><strong>decere</strong></span> <span class='ocrx_word' id='word_1_175' title='bbox 621 2512 795 2586; x_wconf 85' lang='lat' dir='ltr'><strong>existimavi,</strong></span> <span class='ocrx_word' id='word_1_176' title='bbox 811 2533 900 2572; x_wconf 90' lang='lat' dir='ltr'><strong>unam</strong></span> <span class='ocrx_word' id='word_1_177' title='bbox 913 2535 951 2573; x_wconf 83' lang='lat' dir='ltr'><strong>ex</strong></span> <span class='ocrx_word' id='word_1_178' title='bbox 964 2522 1026 2575; x_wconf 88' lang='lat' dir='ltr'><strong>tam</strong></span> 
     </span>
     <span class='ocr_line' id='line_1_25' title="bbox 138 2608 1025 2689; baseline 0.002 -20"><span class='ocrx_word' id='word_1_179' title='bbox 138 2608 242 2669; x_wconf 82' lang='lat' dir='ltr'><strong>multis</strong></span> <span class='ocrx_word' id='word_1_180' title='bbox 260 2611 422 2668; x_wconf 87' lang='lat' dir='ltr'><strong>orationem</strong></span> <span class='ocrx_word' id='word_1_181' title='bbox 441 2609 636 2685; x_wconf 82' lang='lat' dir='ltr'><strong>perscribere3</strong></span> <span class='ocrx_word' id='word_1_182' title='bbox 657 2628 691 2666; x_wconf 88' lang='lat' dir='ltr'><strong>ac</strong></span> <span class='ocrx_word' id='word_1_183' title='bbox 703 2610 895 2685; x_wconf 84' lang='lat' dir='ltr'><strong>potissimum,</strong></span> <span class='ocrx_word' id='word_1_184' title='bbox 909 2631 974 2689; x_wconf 87' lang='lat' dir='ltr'><strong>quae</strong></span> <span class='ocrx_word' id='word_1_185' title='bbox 993 2615 1025 2670; x_wconf 92' lang='lat' dir='ltr'><strong>in</strong></span> 
     </span>
     <span class='ocr_line' id='line_1_26' title="bbox 138 2704 1025 2781; baseline 0.003 -18"><span class='ocrx_word' id='word_1_186' title='bbox 138 2706 283 2776; x_wconf 87' lang='lat' dir='ltr'><strong>concione,</strong></span> <span class='ocrx_word' id='word_1_187' title='bbox 310 2710 378 2781; x_wconf 90' lang='lat' dir='ltr'><strong>post</strong></span> <span class='ocrx_word' id='word_1_188' title='bbox 403 2705 533 2762; x_wconf 86' lang='lat' dir='ltr'><strong>reditum</strong></span> <span class='ocrx_word' id='word_1_189' title='bbox 559 2704 675 2776; x_wconf 78' lang='lat' dir='ltr'><strong>Bestia,</strong></span> <span class='ocrx_word' id='word_1_190' title='bbox 702 2704 901 2779; x_wconf 87' lang='lat' dir='ltr'><strong>hujuscemodi</strong></span> <span class='ocrx_word' id='word_1_191' title='bbox 927 2708 1025 2766; x_wconf 86' lang='lat' dir='ltr'><strong>verbis</strong></span> 
     </span>
     <span class='ocr_line' id='line_1_27' title="bbox 136 2802 282 2860; baseline -0.021 0"><span class='ocrx_word' id='word_1_192' title='bbox 136 2802 282 2860; x_wconf 85' lang='lat' dir='ltr'><strong>disseruit</strong></span> 
     </span>
    </p>

    <p class='ocr_par' dir='ltr' id='par_1_6' title="bbox 133 2895 1024 3360">
     <span class='ocr_line' id='line_1_28' title="bbox 196 2895 1024 2971; baseline 0.004 -17"><span class='ocrx_word' id='word_1_193' title='bbox 196 2896 320 2956; x_wconf 89' lang='lat' dir='ltr'>XXXI.</span> <span class='ocrx_word' id='word_1_194' title='bbox 364 2896 486 2954; x_wconf 85' lang='lat' dir='ltr'><strong>“Multa</strong></span> <span class='ocrx_word' id='word_1_195' title='bbox 512 2915 559 2954; x_wconf 92' lang='lat' dir='ltr'><strong>me</strong></span> <span class='ocrx_word' id='word_1_196' title='bbox 586 2895 779 2953; x_wconf 87' lang='lat' dir='ltr'><strong>dehortantur</strong></span> <span class='ocrx_word' id='word_1_197' title='bbox 800 2918 818 2955; x_wconf 91' lang='lat' dir='ltr'><strong>a</strong></span> <span class='ocrx_word' id='word_1_198' title='bbox 840 2899 930 2971; x_wconf 90' lang='lat' dir='ltr'><strong>vobis,</strong></span> <span class='ocrx_word' id='word_1_199' title='bbox 954 2899 1024 2969; x_wconf 81' lang='lat' dir='ltr'><strong>Qui-</strong></span> 
     </span>
     <span class='ocr_line' id='line_1_29' title="bbox 136 2993 1024 3070; baseline -0.003 -18"><span class='ocrx_word' id='word_1_200' title='bbox 136 2995 216 3067; x_wconf 85' lang='lat' dir='ltr'><strong>rites,</strong></span> <span class='ocrx_word' id='word_1_201' title='bbox 239 2994 272 3051; x_wconf 89' lang='lat' dir='ltr'><strong>ni</strong></span> <span class='ocrx_word' id='word_1_202' title='bbox 298 2994 429 3051; x_wconf 88' lang='lat' dir='ltr'><strong>studium</strong></span> <span class='ocrx_word' id='word_1_203' title='bbox 459 2993 626 3069; x_wconf 87' lang='lat' dir='ltr'><strong>reipublicae</strong></span> <span class='ocrx_word' id='word_1_204' title='bbox 657 2994 755 3052; x_wconf 89' lang='lat' dir='ltr'><strong>omnia</strong></span> <span class='ocrx_word' id='word_1_205' title='bbox 784 3000 901 3070; x_wconf 86' lang='lat' dir='ltr'><strong>superet</strong></span> <span class='ocrx_word' id='word_1_206' title='bbox 912 3012 923 3065; x_wconf 75' lang='lat'>5</span> <span class='ocrx_word' id='word_1_207' title='bbox 955 3012 1024 3069; x_wconf 76' lang='lat' dir='ltr'><strong>opes</strong></span> 
     </span>
     <span class='ocr_line' id='line_1_30' title="bbox 133 3078 1024 3167; baseline -0.002 -17"><span class='ocrx_word' id='word_1_208' title='bbox 133 3078 280 3162; x_wconf 84' lang='lat' dir='ltr'><strong>factionis,</strong></span> <span class='ocrx_word' id='word_1_209' title='bbox 300 3096 399 3148; x_wconf 81' lang='lat' dir='ltr'><strong>vestra</strong></span> <span class='ocrx_word' id='word_1_210' title='bbox 424 3091 576 3167; x_wconf 89' lang='lat' dir='ltr'><strong>patientia,</strong></span> <span class='ocrx_word' id='word_1_211' title='bbox 599 3092 649 3165; x_wconf 85' lang='lat' dir='ltr'><strong>jus</strong></span> <span class='ocrx_word' id='word_1_212' title='bbox 675 3091 799 3162; x_wconf 86' lang='lat' dir='ltr'><strong>nullum,</strong></span> <span class='ocrx_word' id='word_1_213' title='bbox 824 3109 858 3147; x_wconf 91' lang='lat' dir='ltr'><strong>ac</strong></span> <span class='ocrx_word' id='word_1_214' title='bbox 884 3090 1024 3162; x_wconf 88' lang='lat' dir='ltr'><strong>maxime,</strong></span> 
     </span>
     <span class='ocr_line' id='line_1_31' title="bbox 135 3186 1021 3263; baseline 0.002 -19"><span class='ocrx_word' id='word_1_215' title='bbox 135 3187 214 3263; x_wconf 88' lang='lat' dir='ltr'><strong>quod</strong></span> <span class='ocrx_word' id='word_1_216' title='bbox 246 3187 420 3244; x_wconf 80' lang='lat' dir='ltr'><strong>innocentia</strong></span> <span class='ocrx_word' id='word_1_217' title='bbox 453 3186 521 3262; x_wconf 89' lang='lat' dir='ltr'><strong>plus</strong></span> <span class='ocrx_word' id='word_1_218' title='bbox 545 3187 677 3262; x_wconf 89' lang='lat' dir='ltr'><strong>periculi,</strong></span> <span class='ocrx_word' id='word_1_219' title='bbox 697 3206 786 3263; x_wconf 89' lang='lat' dir='ltr'><strong>quam</strong></span> <span class='ocrx_word' id='word_1_220' title='bbox 812 3186 939 3258; x_wconf 84' lang='lat' dir='ltr'><strong>honoris,</strong></span> <span class='ocrx_word' id='word_1_221' title='bbox 966 3196 1021 3250; x_wconf 88' lang='lat' dir='ltr'><strong>est.</strong></span> 
     </span>
     <span class='ocr_line' id='line_1_32' title="bbox 135 3282 1022 3360; baseline 0.002 -20"><span class='ocrx_word' id='word_1_222' title='bbox 135 3282 215 3341; x_wconf 86' lang='lat' dir='ltr'><strong>Nam</strong></span> <span class='ocrx_word' id='word_1_223' title='bbox 234 3282 286 3340; x_wconf 89' lang='lat' dir='ltr'><strong>illa</strong></span> <span class='ocrx_word' id='word_1_224' title='bbox 304 3283 423 3359; x_wconf 81' lang='lat' dir='ltr'><strong>quidem</strong></span> <span class='ocrx_word' id='word_1_225' title='bbox 442 3284 524 3360; x_wconf 79' lang='lat' dir='ltr'><strong>piget</strong></span> <span class='ocrx_word' id='word_1_226' title='bbox 544 3283 648 3355; x_wconf 86' lang='lat' dir='ltr'><strong>dicere,</strong></span> <span class='ocrx_word' id='word_1_227' title='bbox 673 3282 719 3340; x_wconf 87' lang='lat' dir='ltr'><strong>his</strong></span> <span class='ocrx_word' id='word_1_228' title='bbox 742 3283 828 3341; x_wconf 85' lang='lat' dir='ltr'><strong>annis</strong></span> <span class='ocrx_word' id='word_1_229' title='bbox 854 3298 904 3344; x_wconf 80' lang='lat' dir='ltr'><strong>xv.</strong></span> <span class='ocrx_word' id='word_1_230' title='bbox 932 3303 1022 3360; x_wconf 85' lang='lat' dir='ltr'><strong>quam</strong></span> 
     </span>
    </p>
   </div>
   <div class='ocr_carea' id='block_1_5' title="bbox 4 3348 1018 3496">
    <p class='ocr_par' dir='ltr' id='par_1_7' title="bbox 4 3348 1018 3496">
     <span class='ocr_line' id='line_1_33' title="bbox 4 3348 1018 3496; baseline -0.001 -57"><span class='ocrx_word' id='word_1_231' title='bbox 4 3348 262 3496; x_wconf 49' lang='lat' dir='ltr'><strong>Nadibrio</strong></span> <span class='ocrx_word' id='word_1_232' title='bbox 288 3379 404 3439; x_wconf 84' lang='lat' dir='ltr'><strong>fueritis</strong></span> <span class='ocrx_word' id='word_1_233' title='bbox 436 3381 577 3458; x_wconf 84' lang='lat' dir='ltr'><strong>superbias</strong></span> <span class='ocrx_word' id='word_1_234' title='bbox 610 3400 767 3459; x_wconf 87' lang='lat' dir='ltr'><strong>paucorum</strong></span> <span class='ocrx_word' id='word_1_235' title='bbox 777 3400 788 3453; x_wconf 86' lang='lat'>;</span> <span class='ocrx_word' id='word_1_236' title='bbox 822 3399 910 3457; x_wconf 90' lang='lat' dir='ltr'><strong>quam</strong></span> <span class='ocrx_word' id='word_1_237' title='bbox 936 3380 1018 3457; x_wconf 79' lang='lat' dir='ltr'><strong>foecle,</strong></span> 
     </span>
    </p>
   </div>
   <div class='ocr_carea' id='block_1_6' title="bbox 0 0 1218 3790">
    <p class='ocr_par' dir='ltr' id='par_1_8' title="bbox 0 0 1218 3790">
     <span class='ocr_line' id='line_1_34' title="bbox 0 0 1218 3790; baseline 0 6"><span class='ocrx_word' id='word_1_238' title='bbox 0 0 1218 3790; x_wconf 95' lang='lat' dir='ltr'><strong> </strong></span> 
     </span>
    </p>
   </div>
  </div>
 </body>
</html>
