2426 3790
342 283 566 346 SALLUSTII
588 285 616 343 J
619 273 828 345 UGUMHA.
991 289 1028 347 83

140 456 298 517 erumpere
341 438 440 496 Mauri
464 443 553 515 atque
580 437 696 509 Gaetuli,
725 438 825 515 ignoto
845 444 876 496 et
895 437 1029 496 horribili

139 539 239 596 sonitu
257 543 377 613 repente
397 536 496 607 exciti,
518 553 614 611 neque
633 534 741 610 fugere,
769 553 863 610 neque
882 553 964 591 arma
983 554 1027 592 ca-

139 655 215 714 pere,
236 651 331 709 neque
351 634 469 689 omnino
497 632 590 688 facere
613 638 666 688 aut
683 630 835 707 providere
859 631 1027 706 quidquam,

138 740 294 809 poterant:
315 732 359 787 ita
375 737 503 800 cunctos,
523 730 656 805 strepitu,
676 729 808 802 clamore,
830 729 912 786 nullo
926 729 1028 786 subve-

138 829 246 899 niente,
262 826 370 883 nostris
387 826 576 898 instantibus,
596 825 735 897 tumultu,
756 832 874 894 tenure,
893 827 1023 897 formido,

138 925 222 998 quasi
237 923 379 991 vecordia,
400 927 524 996 ceperat.
552 920 701 997 ¹Denique
722 940 821 978 omnes
844 921 902 979 fusi
923 922 1027 997 iugati-

139 1037 195 1096 que
208 1041 214 1078 :
235 1038 315 1076 arma
328 1026 358 1075 et
371 1019 453 1094 signa
466 1018 605 1075 militaria
616 1018 752 1093 pleraque
759 1024 858 1093 capta:
873 1018 1026 1094 pluresque

139 1137 172 1174 eo
186 1119 294 1193 praelis,
309 1135 398 1192 quam
412 1116 546 1173 omnibus
559 1116 763 1191 superioribus,
776 1114 939 1173 interemti:
956 1133 1025 1172 nam

138 1233 239 1270 somno
252 1225 283 1270 et
295 1219 376 1269 metu
389 1213 507 1269 insolito
520 1213 662 1288 impedita
674 1212 750 1287 fuga

198 1308 231 1365 O.
272 1307 352 1364 Dein
369 1307 491 1379 Marius,
511 1309 558 1364 uti
576 1315 708 1383 eruperat,
722 1308 754 1363 in
767 1305 889 1364 hiberna
902 1309 1026 1384 proficis

137 1407 215 1463 citur
223 1425 233 1479 3
255 1425 327 1481 quae,
347 1411 465 1481 propter
478 1411 677 1477 commeatum,
696 1406 729 1462 in
742 1405 855 1480 oppidis
871 1407 1025 1463 maritimis
1138 1409 1141 1419 '

140 1521 225 1578 agere
238 1502 425 1558 decreverat:
446 1519 541 1576 neque
557 1508 654 1558 tamen
668 1520 762 1558 secors
772 1503 903 1574 victoria,
918 1509 970 1561 aut
984 1505 1025 1560 in-

137 1600 240 1671 solens,
255 1599 349 1655 factus
356 1618 366 1671 ;
388 1598 439 1655 sed
451 1599 568 1673 pariter,
583 1605 671 1673 atque
684 1598 716 1654 iu
724 1599 1022 1673 conspectuhostium,

139 1695 280 1772 quadrato
294 1695 408 1770 agmine
427 1693 566 1751 incedere.
609 1693 691 1750 Sulla
708 1713 774 1750 cum
795 1695 927 1769 equitatu
947 1695 1024 1770 apud

137 1791 290 1863 dextimos,
315 1792 348 1847 in
365 1791 483 1846 sinistra
497 1790 535 1846 A.
552 1789 690 1862 Manlius,
705 1809 770 1847 cum
784 1790 981 1847 funditoribus
994 1798 1025 1847 et

137 1889 302 1964 sagittariis,
323 1893 461 1964 praeterea
476 1887 606 1944 cohortes
626 1885 776 1961 Ligurum,
798 1887 936 1944 curabat:
968 1888 1024 1962 pri-

139 2004 201 2041 mos
221 1990 251 2041 et
267 1990 421 2051 ¹‹uitremos
449 2001 516 2039 oum
542 1982 686 2058 expeditis
709 1975 865 2059 manipulis
890 1983 1024 2040 tribunos

136 2079 290 2136 locaverat,
332 2078 472 2154 Perfugae,
502 2078 622 2135 minime
641 2078 700 2134 cari
720 2084 750 2135 et
769 2080 919 2153 regionum
935 2079 1024 2136 soien-

139 2174 254 2246 tissimi,
273 2174 402 2235 hostium
417 2176 476 2230 iter
489 2174 697 2250 explorabant:
718 2175 804 2231 simul
818 2176 925 2246 consul,
940 2176 1025 2250 quasi.

138 2271 220 2327 nullo
233 2271 377 2346 imposito,
388 2272 486 2328 omnia
498 2271 648 2347 providere
658 2291 668 2344 3
689 2273 766 2347 apud
784 2292 883 2329 omnes
904 2273 1002 2329 adesse
1013 2294 1021 2343 3

136 2368 263 2438 laudare,
281 2369 428 2443 increpare
447 2375 598 2426 merentes
632 2358 708 2444 ⁴Ipse
727 2375 864 2440 armatus,
879 2370 1023 2427 intentus·

137 2484 202 2539 que,
231 2464 303 2520 item
331 2463 441 2520 milites
469 2465 607 2538 cogebat:
635 2483 729 2539 neque
754 2483 834 2521 secus
858 2470 946 2540 etque
965 2467 1023 2522 iter

136 2561 239 2628 lacere,
266 2567 361 2618 castra
383 2559 505 2632 munire,
530 2560 699 2618 excubitum
722 2561 755 2616 in
774 2566 872 2635 portas
892 2561 1022 2619 cohortes

136 2675 174 2713 ex
187 2656 356 2732 legionibus,
377 2675 429 2732 pro
444 2656 545 2713 castris
569 2656 681 2732 equites
699 2642 867 2713 auxiliarios
884 2659 1019 2716 mittere:

136 2758 276 2828 praeterea
302 2752 375 2809 alios
404 2771 491 2828 super
510 2753 621 2809 vallum
648 2753 680 2809 in
708 2755 899 2811 munimentis
917 2754 1019 2826 locare,

135 2849 250 2924 vigilias
270 2849 332 2925 ipse
349 2847 509 2917 circumire,
538 2868 598 2906 non
617 2855 679 2906 tam
699 2849 860 2907 diffidentia
878 2851 1018 2919 futurum,

135 2967 200 3024 quae
215 2949 423 3025 imperavisset,
437 2967 526 3023 quam
544 2949 589 3005 uti
607 2948 749 3006 militibus
767 2954 935 3024 exaequatus
954 2967 1020 3005 cum

134 3047 309 3121 imperatore
330 3045 410 3102 labos
428 3045 594 3102 volentibus
613 3051 694 3103 esset.
738 3044 779 3102 Et
805 3064 873 3101 saue
897 3043 1019 3110 Marius,

134 3141 185 3199 illo
201 3149 232 3200 et
245 3142 310 3199 aliis
322 3141 501 3217 temporibus
513 3141 535 3198 J
537 3141 687 3217 ugurthini
700 3140 778 3211 belli,
797 3139 905 3216 pudore
919 3139 1018 3213 magis,

134 3258 223 3315 quam
236 3239 321 3311 malo,
337 3240 498 3296 exercitum
516 3238 682 3308 coercebat3
703 3235 780 3313 quod
797 3233 884 3290 multi
897 3252 949 3309 per
961 3253 1020 3290 am·

134 3335 276 3393 bitionem
288 3336 352 3392 fieri
364 3335 481 3392 aiebant
494 3355 500 3392 :
518 3353 593 3411 pars,
602 3334 680 3410 quod
688 3353 705 3390 a
713 3332 839 3409 pueritia
852 3336 1018 3388 consuetam

136 3432 282 3508 duritiam,
297 3440 327 3492 ct
340 3433 404 3507 alia,
420 3452 484 3510 quae
499 3433 586 3490 ceteri
603 3430 733 3489 miserias
746 3434 859 3500 vocant,
874 3428 1019 3504 voluptati

862 3539 939 3597 6-2
