2426 3790
180 266 218 322 88
381 260 605 323 silidam
628 260 655 316 J
658 259 863 322 UGURPHA.

178 421 305 491 quaestor
332 414 509 489 stipendium
531 413 562 468 in
581 412 713 468 Africam
737 417 923 487 portaverat3
951 412 1009 470 duo
1027 415 1065 471 ad

178 529 276 586 regem
302 511 432 566 redeunt.
476 508 524 563 Ex
550 508 596 563 his
619 507 758 577 Bocchus,
783 525 850 563 cum
871 513 975 578 cetera,
1001 514 1065 565 tum

177 609 305 665 maxime
315 606 524 681 benignitatem
540 611 571 662 et
583 605 713 660 studium
728 603 817 660 Sullae
830 605 934 661 lubens
946 607 1063 681 accepit.

178 704 280 762 Romae
289 703 391 779 legatis
400 703 470 777 ejus
479 707 632 777 postquam
641 719 861 775 errasseregcm,
870 701 1065 776 etJugurthae
1106 698 1112 707 ’

178 800 284 857 scelerc
301 799 423 874 lapsum,
438 797 584 873 deprecati
597 803 675 863 sunt,
685 798 847 852 amicitiam
863 804 894 852 et
911 796 1004 853 fredus
1016 815 1065 871 po

180 898 309 954 tentibus
327 896 381 951 hoc
394 895 480 950 modo
493 893 704 969 respondetur:
727 892 878 949 “Senatus
891 897 921 948 61
941 892 1065 966 populus

177 994 329 1051 Romanus
342 991 475 1048 beneficii
494 997 525 1048 61
539 991 655 1066 injuriae
676 1008 860 1045 memorasse
876 989 971 1060 solet;
991 1001 1065 1045 cete·

178 1110 243 1146 rum
268 1088 390 1158 Boccho,
406 1089 544 1163 qnoniam
565 1088 696 1162 poenitet,
715 1085 815 1142 delicti
834 1085 958 1160 gratiam
978 1084 1063 1141 iacit:

176 1186 269 1242 sindus
283 1191 313 1242 et
326 1185 456 1241 amicitia
469 1184 625 1253 dabuntur,
641 1203 707 1239 cum
721 1181 886 1238 meruerit.’'

237 1285 300 1344 OV.
345 1285 434 1353 Queis
455 1285 542 1341 rebus
557 1283 690 1358 cognitis,
704 1283 836 1340 Bocchus
855 1301 909 1357 per
920 1282 1034 1340 litteras
1047 1301 1065 1339 a

177 1382 274 1439 Mario
287 1383 401 1458 petivit,
417 1382 462 1438 uti
484 1382 596 1438 Sullam
616 1382 653 1437 ad
673 1400 703 1436 se
724 1381 867 1451 1111116161,
889 1381 971 1455 cujus
991 1382 1065 1437 arbi-

178 1484 257 1535 tratu
271 1479 307 1534 de
323 1478 526 1534 communibus
541 1477 666 1553 negotiis
680 1478 884 1536 consuleretur.
915 1478 947 1533 Is
960 1479 1064 1534 missus

177 1593 243 1630 cum
257 1574 390 1649 praesidio
399 1573 531 1649 equitum
545 1579 634 1647 atquc
647 1573 787 1648 peditum,
797 1574 869 1630 116111
882 1573 1064 1631 funditorum

178 1671 364 1728 Balearium:
386 1677 526 1746 praeterea
539 1671 690 1746 sagittarii,
703 1677 733 1727 et
746 1672 846 1727 cohors
862 1669 984 1746 Peligna
997 1691 1064 1728 cum

176 1764 347 1821 velitaribus
357 1766 453 1836 armis,
464 1765 579 1822 itineris
592 1766 765 1841 properandi
780 1785 894 1823 caussa:
911 1786 1005 1843 neque
1018 1768 1064 1824 his

176 1879 266 1933 secus,
280 1866 368 1937 atque
381 1861 446 1918 aliis
467 1863 564 1934 armis,
579 1863 731 1919 adversum
750 1863 809 1919 tela
830 1862 966 1931 hostium,
985 1865 1064 1939 qnod

177 1975 211 2012 ea
224 1958 301 2014 levia
314 1965 390 2028 sunt,
407 1959 524 2017 muniti.
561 1959 618 2015 Sed
629 1960 742 2026 itincre,
756 1962 860 2035 quinto
874 1960 998 2037 denique
1008 1961 1063 2032 die,

179 2054 287 2125 Volux,
299 2054 377 2111 filius
391 2053 508 2125 Bocchi,
523 2061 643 2130 repente
655 2056 688 2111 in
701 2055 809 2131 campis
822 2056 989 2131 patentibus
997 2074 1064 2112 cum

173 2145 258 2208 ¹mille
271 2171 328 2208 non
344 2152 469 2226 amplius
483 2152 630 2226 equitibus
643 2170 703 2208 sese
717 2153 844 2210 ostendit
851 2174 859 2226 3
881 2155 940 2229 qui,
955 2160 1065 2211 temere
1172 2170 1176 2178 ·

178 2254 207 2304 et
221 2248 311 2305 effuse
325 2257 434 2319 euntes,
451 2247 540 2305 Sullae
560 2249 683 2324 aliisquo
702 2250 837 2307 omnibus
858 2256 888 2306 et
909 2269 1063 2307 numerum

177 2349 348 2424 ampliorem
360 2366 438 2419 vero,
454 2354 484 2405 ct
494 2347 628 2405 hostilem
643 2353 754 2404 metum
768 2348 936 2408 efficiebant.
966 2348 1065 2424 Igitur

178 2462 238 2500 seso
261 2444 384 2519 quisque
399 2443 544 2519 expedire,
560 2462 640 2499 arma
654 2447 742 2518 atquc
758 2443 818 2499 tela
834 2449 955 2514 tentare,
970 2443 1065 2499 inten-

178 2539 265 2597 dere:
285 2541 375 2605 timor
388 2541 555 2616 aliquantus
569 2541 619 2596 sed
632 2560 696 2616 spes
709 2541 838 2615 amplior,
852 2541 960 2616 quippe
973 2541 1064 2596 victo·
1094 2604 1098 2610 ¹

178 2635 266 2705 ribus,
282 2641 312 2691 et
326 2634 479 2691 adversum
493 2653 549 2706 eos,
572 2654 643 2710 quos
664 2653 737 2710 saepe
760 2624 900 2693 vicerant
937 2634 1064 2692 Interim

179 2732 298 2809 equites,
320 2733 504 2808 exploratum
523 2731 672 2808 praemissi,
687 2749 757 2803 rem,
771 2732 817 2787 1111
841 2737 911 2804 erat,
934 2731 1064 2807 quietam

178 2828 326 2888 nunciant.

238 2920 322 2981 CVI.
364 2922 466 2981 Volux
480 2923 636 2981 adveniens
647 2928 819 2999 quaestorem
833 2923 976 2999 adpellat:
999 2926 1017 2958 “
1028 2922 1066 2981 Se

178 3038 196 3076 1
210 3026 291 3094 patre
302 3019 416 3077 Boccho
426 3019 541 3077 obviam
549 3019 609 3076 illis
619 3019 714 3090 simul,
728 3028 757 3076 61
765 3019 906 3095 prasidio,
917 3018 1065 3076 missum''

179 3115 294 3172 Deinde
314 3135 380 3173 eum
401 3122 431 3173 et
450 3115 617 3191 proximum
637 3115 714 3172 diem
734 3115 797 3172 sina
815 3122 897 3172 metu
917 3115 1066 3191 conjuncti

179 3219 257 3270 611111
300 3213 380 3286 Ρ111,
401 3213 453 3270 ubi
473 3218 567 3270 castra
593 3212 696 3284 locata,
725 3220 756 3269 et
779 3213 837 3269 diei
863 3230 967 3288 vesper
993 3219 1065 3283 erat,

179 3315 297 3380 repente
318 3309 441 3367 Maurus
460 3311 573 3366 incerto
599 3308 686 3365 vultu
713 3309 750 3365 ad
777 3307 888 3365 Sullam
916 3309 1065 3366 adcurrit:

180 3401 262 3459 “sibi
289 3422 326 3461 ex
352 3406 581 3482 speculatoribus
607 3405 765 3481 cognitum,
788 3404 966 3481 ,Iugurtham
985 3404 1066 3464 houd
