<?xml version="1.0" encoding="UTF-8"?>
<!DOCTYPE html PUBLIC "-//W3C//DTD XHTML 1.0 Transitional//EN"
    "http://www.w3.org/TR/xhtml1/DTD/xhtml1-transitional.dtd">
<html xmlns="http://www.w3.org/1999/xhtml" xml:lang="en" lang="en">
 <head>
  <title>
</title>
<meta http-equiv="Content-Type" content="text/html;charset=utf-8" />
  <meta name='ocr-system' content='tesseract 3.04.00' />
  <meta name='ocr-capabilities' content='ocr_page ocr_carea ocr_par ocr_line ocrx_word'/>
</head>
<body>
  <div class='ocr_page' id='page_1' title='image "./caiisallustiicr00merigoog_0253.png"; bbox 0 0 2426 3790; ppageno 0'>
   <div class='ocr_carea' id='block_1_1' title="bbox 186 238 860 300">
    <p class='ocr_par' dir='ltr' id='par_1_1' title="bbox 186 238 860 300">
     <span class='ocr_line' id='line_1_1' title="bbox 186 238 860 300; baseline -0.003 0"><span class='ocrx_word' id='word_1_1' title='bbox 186 242 225 300; x_wconf 85' lang='lat'><strong>90</strong></span> <span class='ocrx_word' id='word_1_2' title='bbox 380 239 600 298; x_wconf 76' lang='lat' dir='ltr'><em>SALLUSTII</em></span> <span class='ocrx_word' id='word_1_3' title='bbox 622 239 649 296; x_wconf 84' lang='lat' dir='ltr'><em>J</em></span> <span class='ocrx_word' id='word_1_4' title='bbox 653 239 706 298; x_wconf 75' lang='grc' dir='ltr'><strong>(Ιο</strong></span> <span class='ocrx_word' id='word_1_5' title='bbox 713 238 860 298; x_wconf 76' lang='lat' dir='ltr'><em>URTHA.</em></span> 
     </span>
    </p>
   </div>
   <div class='ocr_carea' id='block_1_2' title="bbox 175 394 1145 3062">
    <p class='ocr_par' dir='ltr' id='par_1_2' title="bbox 183 394 1134 1236">
     <span class='ocr_line' id='line_1_2' title="bbox 185 394 1075 470; baseline 0.003 -18"><span class='ocrx_word' id='word_1_6' title='bbox 185 403 238 467; x_wconf 87' lang='lat' dir='ltr'><strong>ret,</strong></span> <span class='ocrx_word' id='word_1_7' title='bbox 253 401 361 470; x_wconf 81' lang='lat' dir='ltr'><strong>stapes</strong></span> <span class='ocrx_word' id='word_1_8' title='bbox 374 412 499 470; x_wconf 85' lang='lat' dir='ltr'><strong>opesque</strong></span> <span class='ocrx_word' id='word_1_9' title='bbox 518 395 581 469; x_wconf 84' lang='lat' dir='ltr'><strong>ejus</strong></span> <span class='ocrx_word' id='word_1_10' title='bbox 600 414 638 451; x_wconf 84' lang='lat' dir='ltr'><strong>ex</strong></span> <span class='ocrx_word' id='word_1_11' title='bbox 657 400 740 470; x_wconf 82' lang='lat' dir='ltr'><strong>patre</strong></span> <span class='ocrx_word' id='word_1_12' title='bbox 759 413 812 452; x_wconf 87' lang='lat' dir='ltr'><strong>suo</strong></span> <span class='ocrx_word' id='word_1_13' title='bbox 832 394 1001 470; x_wconf 85' lang='lat' dir='ltr'><strong>penderent,</strong></span> <span class='ocrx_word' id='word_1_14' title='bbox 1016 415 1075 455; x_wconf 83' lang='lat' dir='ltr'><strong>cre-</strong></span> 
     </span>
     <span class='ocr_line' id='line_1_3' title="bbox 184 490 1074 566; baseline 0.001 -17"><span class='ocrx_word' id='word_1_15' title='bbox 184 492 260 560; x_wconf 82' lang='lat' dir='ltr'><strong>dere,</strong></span> <span class='ocrx_word' id='word_1_16' title='bbox 275 491 360 549; x_wconf 88' lang='lat' dir='ltr'><strong>illum</strong></span> <span class='ocrx_word' id='word_1_17' title='bbox 375 492 448 548; x_wconf 84' lang='lat' dir='ltr'>nihil</span> <span class='ocrx_word' id='word_1_18' title='bbox 462 490 558 566; x_wconf 79' lang='lat' dir='ltr'><strong>pelam</strong></span> <span class='ocrx_word' id='word_1_19' title='bbox 572 509 719 561; x_wconf 88' lang='lat' dir='ltr'><strong>ausurum,</strong></span> <span class='ocrx_word' id='word_1_20' title='bbox 733 510 800 547; x_wconf 91' lang='lat' dir='ltr'><strong>cum</strong></span> <span class='ocrx_word' id='word_1_21' title='bbox 820 490 882 566; x_wconf 87' lang='lat' dir='ltr'><strong>ipse</strong></span> <span class='ocrx_word' id='word_1_22' title='bbox 899 491 977 549; x_wconf 88' lang='lat' dir='ltr'><strong>filius</strong></span> <span class='ocrx_word' id='word_1_23' title='bbox 991 492 1074 550; x_wconf 85' lang='lat' dir='ltr'><strong>testis</strong></span> 
     </span>
     <span class='ocr_line' id='line_1_4' title="bbox 184 587 1074 665; baseline 0.002 -20"><span class='ocrx_word' id='word_1_24' title='bbox 184 588 316 646; x_wconf 75' lang='lat' dir='ltr'><strong>adesset:</strong></span> <span class='ocrx_word' id='word_1_25' title='bbox 337 606 427 664; x_wconf 88' lang='lat' dir='ltr'><strong>quare</strong></span> <span class='ocrx_word' id='word_1_26' title='bbox 441 589 585 663; x_wconf 87' lang='lat' dir='ltr'><strong>optimum</strong></span> <span class='ocrx_word' id='word_1_27' title='bbox 598 588 708 644; x_wconf 83' lang='lat' dir='ltr'><strong>factum</strong></span> <span class='ocrx_word' id='word_1_28' title='bbox 723 587 824 659; x_wconf 83' lang='lat' dir='ltr'><strong>videri,</strong></span> <span class='ocrx_word' id='word_1_29' title='bbox 837 607 890 664; x_wconf 85' lang='lat' dir='ltr'><strong>per</strong></span> <span class='ocrx_word' id='word_1_30' title='bbox 902 589 999 646; x_wconf 75' lang='lat' dir='ltr'><strong>medis</strong></span> <span class='ocrx_word' id='word_1_31' title='bbox 1012 589 1074 665; x_wconf 77' lang='lat' dir='ltr'><strong>ejus</strong></span> 
     </span>
     <span class='ocr_line' id='line_1_5' title="bbox 184 682 1074 760; baseline 0.001 -18"><span class='ocrx_word' id='word_1_32' title='bbox 184 692 281 752; x_wconf 78' lang='lat' dir='ltr'><strong>cestra</strong></span> <span class='ocrx_word' id='word_1_33' title='bbox 299 684 395 760; x_wconf 84' lang='lat' dir='ltr'><strong>palam</strong></span> <span class='ocrx_word' id='word_1_34' title='bbox 415 684 559 740; x_wconf 80' lang='lat' dir='ltr'><strong>transire:</strong></span> <span class='ocrx_word' id='word_1_35' title='bbox 581 702 649 751; x_wconf 84' lang='lat' dir='ltr'><strong>sese,</strong></span> <span class='ocrx_word' id='word_1_36' title='bbox 669 682 716 739; x_wconf 86' lang='lat' dir='ltr'><strong>vel</strong></span> <span class='ocrx_word' id='word_1_37' title='bbox 736 683 891 758; x_wconf 84' lang='lat' dir='ltr'><strong>praemiasis</strong></span> <span class='ocrx_word' id='word_1_38' title='bbox 904 685 951 742; x_wconf 85' lang='lat' dir='ltr'><strong>vel</strong></span> <span class='ocrx_word' id='word_1_39' title='bbox 964 685 1074 743; x_wconf 78' lang='lat' dir='ltr'><strong>ibidem</strong></span> 
     </span>
     <span class='ocr_line' id='line_1_6' title="bbox 185 774 1074 852; baseline 0.002 -16"><span class='ocrx_word' id='word_1_40' title='bbox 185 781 294 838; x_wconf 86' lang='lat' dir='ltr'><strong>relictis</strong></span> <span class='ocrx_word' id='word_1_41' title='bbox 307 779 428 850; x_wconf 83' lang='lat' dir='ltr'><strong>Mauris,</strong></span> <span class='ocrx_word' id='word_1_42' title='bbox 443 778 537 836; x_wconf 86' lang='lat' dir='ltr'><strong>solum</strong></span> <span class='ocrx_word' id='word_1_43' title='bbox 553 774 619 835; x_wconf 85' lang='lat' dir='ltr'><strong>cum</strong></span> <span class='ocrx_word' id='word_1_44' title='bbox 634 779 715 835; x_wconf 80' lang='lat' dir='ltr'><strong>Sulla</strong></span> <span class='ocrx_word' id='word_1_45' title='bbox 728 779 865 838; x_wconf 85' lang='lat' dir='ltr'><strong>iturum.’&#39;</strong></span> <span class='ocrx_word' id='word_1_46' title='bbox 907 780 951 838; x_wconf 84' lang='lat' dir='ltr'><strong>Ea</strong></span> <span class='ocrx_word' id='word_1_47' title='bbox 968 800 1025 852; x_wconf 89' lang='lat' dir='ltr'><strong>res,</strong></span> <span class='ocrx_word' id='word_1_48' title='bbox 1038 788 1074 838; x_wconf 89' lang='lat' dir='ltr'><strong>ut</strong></span> 
     </span>
     <span class='ocr_line' id='line_1_7' title="bbox 184 874 1073 952; baseline -0.002 -18"><span class='ocrx_word' id='word_1_49' title='bbox 184 876 217 933; x_wconf 92' lang='lat' dir='ltr'><strong>in</strong></span> <span class='ocrx_word' id='word_1_50' title='bbox 234 875 289 933; x_wconf 79' lang='lat' dir='ltr'><strong>tali</strong></span> <span class='ocrx_word' id='word_1_51' title='bbox 308 875 432 949; x_wconf 84' lang='lat' dir='ltr'><strong>negotio,</strong></span> <span class='ocrx_word' id='word_1_52' title='bbox 454 874 581 950; x_wconf 80' lang='lat' dir='ltr'><strong>probata,</strong></span> <span class='ocrx_word' id='word_1_53' title='bbox 610 893 644 930; x_wconf 87' lang='lat' dir='ltr'><strong>ac</strong></span> <span class='ocrx_word' id='word_1_54' title='bbox 664 875 764 931; x_wconf 83' lang='lat' dir='ltr'><strong>statim</strong></span> <span class='ocrx_word' id='word_1_55' title='bbox 785 875 925 949; x_wconf 80' lang='lat' dir='ltr'><strong>profecti:</strong></span> <span class='ocrx_word' id='word_1_56' title='bbox 947 876 1017 952; x_wconf 87' lang='lat' dir='ltr'><strong>quia</strong></span> <span class='ocrx_word' id='word_1_57' title='bbox 1036 875 1073 933; x_wconf 87' lang='lat' dir='ltr'><strong>de</strong></span> 
     </span>
     <span class='ocr_line' id='line_1_8' title="bbox 184 969 1070 1046; baseline 0.002 -19"><span class='ocrx_word' id='word_1_58' title='bbox 184 969 340 1046; x_wconf 84' lang='lat' dir='ltr'><strong>improviso</strong></span> <span class='ocrx_word' id='word_1_59' title='bbox 354 969 527 1040; x_wconf 80' lang='lat' dir='ltr'><strong>ceciderant,</strong></span> <span class='ocrx_word' id='word_1_60' title='bbox 543 969 631 1025; x_wconf 88' lang='lat' dir='ltr'><strong>dubio</strong></span> <span class='ocrx_word' id='word_1_61' title='bbox 645 977 734 1045; x_wconf 83' lang='lat' dir='ltr'><strong>etque</strong></span> <span class='ocrx_word' id='word_1_62' title='bbox 746 969 901 1028; x_wconf 73' lang='lat' dir='ltr'>haesitante</span> <span class='ocrx_word' id='word_1_63' title='bbox 910 971 932 1028; x_wconf 85' lang='lat' dir='ltr'><strong>J</strong></span> <span class='ocrx_word' id='word_1_64' title='bbox 933 970 1070 1046; x_wconf 69' lang='lat' dir='ltr'><strong>ugurtha,</strong></span> 
     </span>
     <span class='ocr_line' id='line_1_9' title="bbox 184 1062 1134 1144; baseline 0.004 -24"><span class='ocrx_word' id='word_1_65' title='bbox 184 1063 343 1121; x_wconf 81' lang='lat' dir='ltr'>incolumes</span> <span class='ocrx_word' id='word_1_66' title='bbox 362 1070 523 1124; x_wconf 86' lang='lat' dir='ltr'><strong>transeunt.</strong></span> <span class='ocrx_word' id='word_1_67' title='bbox 565 1064 681 1123; x_wconf 82' lang='lat' dir='ltr'><strong>Deinde</strong></span> <span class='ocrx_word' id='word_1_68' title='bbox 705 1066 804 1141; x_wconf 86' lang='lat' dir='ltr'><strong>paucis</strong></span> <span class='ocrx_word' id='word_1_69' title='bbox 819 1066 929 1139; x_wconf 88' lang='lat' dir='ltr'><strong>diebus,</strong></span> <span class='ocrx_word' id='word_1_70' title='bbox 950 1086 1010 1144; x_wconf 87' lang='lat' dir='ltr'><strong>quo</strong></span> <span class='ocrx_word' id='word_1_71' title='bbox 1030 1068 1073 1124; x_wconf 76' lang='lat' dir='ltr'><strong>im</strong></span> <span class='ocrx_word' id='word_1_72' title='bbox 1130 1062 1134 1069; x_wconf 50' lang='lat'>²</span> 
     </span>
     <span class='ocr_line' id='line_1_10' title="bbox 183 1159 581 1236; baseline 0.005 -19"><span class='ocrx_word' id='word_1_73' title='bbox 183 1159 380 1232; x_wconf 85' lang='lat' dir='ltr'><strong>intenderant,</strong></span> <span class='ocrx_word' id='word_1_74' title='bbox 399 1169 581 1236; x_wconf 88' lang='lat' dir='ltr'><strong>perventum.</strong></span> 
     </span>
    </p>

    <p class='ocr_par' dir='ltr' id='par_1_3' title="bbox 175 1255 1145 3062">
     <span class='ocr_line' id='line_1_11' title="bbox 244 1255 1074 1335; baseline 0.004 -22"><span class='ocrx_word' id='word_1_75' title='bbox 244 1255 363 1316; x_wconf 75' lang='lat' dir='ltr'><strong>OVHL</strong></span> <span class='ocrx_word' id='word_1_76' title='bbox 406 1256 534 1314; x_wconf 78' lang='lat' dir='ltr'><strong>ibicum</strong></span> <span class='ocrx_word' id='word_1_77' title='bbox 554 1256 669 1313; x_wconf 87' lang='lat' dir='ltr'><strong>Boccho</strong></span> <span class='ocrx_word' id='word_1_78' title='bbox 688 1255 820 1313; x_wconf 87' lang='lat' dir='ltr'><strong>Numida</strong></span> <span class='ocrx_word' id='word_1_79' title='bbox 833 1258 960 1333; x_wconf 82' lang='lat' dir='ltr'><strong>quidam,</strong></span> <span class='ocrx_word' id='word_1_80' title='bbox 974 1257 1074 1335; x_wconf 78' lang='lat' dir='ltr'><strong>Asper</strong></span> 
     </span>
     <span class='ocr_line' id='line_1_12' title="bbox 175 1352 1073 1428; baseline 0.002 -18"><span class='ocrx_word' id='word_1_81' title='bbox 175 1354 310 1424; x_wconf 79' lang='lat' dir='ltr'><strong>nomine,</strong></span> <span class='ocrx_word' id='word_1_82' title='bbox 325 1353 452 1410; x_wconf 85' lang='lat' dir='ltr'><strong>multum</strong></span> <span class='ocrx_word' id='word_1_83' title='bbox 466 1359 496 1409; x_wconf 85' lang='lat' dir='ltr'><strong>et</strong></span> <span class='ocrx_word' id='word_1_84' title='bbox 515 1352 699 1409; x_wconf 83' lang='lat' dir='ltr'><strong>familiariter</strong></span> <span class='ocrx_word' id='word_1_85' title='bbox 712 1352 830 1428; x_wconf 71' lang='lat' dir='ltr'><strong>igebet:</strong></span> <span class='ocrx_word' id='word_1_86' title='bbox 852 1355 1015 1428; x_wconf 81' lang='lat' dir='ltr'><strong>praemissus</strong></span> <span class='ocrx_word' id='word_1_87' title='bbox 1035 1356 1073 1412; x_wconf 82' lang='lat' dir='ltr'><strong>ab</strong></span> 
     </span>
     <span class='ocr_line' id='line_1_13' title="bbox 183 1448 1070 1526; baseline 0.001 -18"><span class='ocrx_word' id='word_1_88' title='bbox 183 1450 206 1508; x_wconf 87' lang='lat' dir='ltr'>J</span> <span class='ocrx_word' id='word_1_89' title='bbox 208 1450 342 1526; x_wconf 63' lang='lat' dir='ltr'><strong>ugurtha</strong></span> <span class='ocrx_word' id='word_1_90' title='bbox 357 1455 513 1524; x_wconf 77' lang='lat' dir='ltr'><strong>postquem</strong></span> <span class='ocrx_word' id='word_1_91' title='bbox 528 1448 641 1505; x_wconf 79' lang='lat' dir='ltr'><strong>Sullam</strong></span> <span class='ocrx_word' id='word_1_92' title='bbox 661 1449 786 1506; x_wconf 86' lang='lat' dir='ltr'><strong>accitum</strong></span> <span class='ocrx_word' id='word_1_93' title='bbox 806 1451 947 1523; x_wconf 85' lang='lat' dir='ltr'><strong>audierat,</strong></span> <span class='ocrx_word' id='word_1_94' title='bbox 965 1462 1070 1524; x_wconf 66' lang='lat' dir='ltr'><strong>crater,</strong></span> 
     </span>
     <span class='ocr_line' id='line_1_14' title="bbox 183 1544 1069 1622; baseline 0.001 -18"><span class='ocrx_word' id='word_1_95' title='bbox 183 1553 214 1604; x_wconf 88' lang='lat' dir='ltr'><strong>et</strong></span> <span class='ocrx_word' id='word_1_96' title='bbox 226 1546 346 1603; x_wconf 88' lang='lat' dir='ltr'><strong>subdole</strong></span> <span class='ocrx_word' id='word_1_97' title='bbox 360 1544 539 1621; x_wconf 82' lang='lat' dir='ltr'><strong>speculatum</strong></span> <span class='ocrx_word' id='word_1_98' title='bbox 549 1544 656 1602; x_wconf 87' lang='lat' dir='ltr'><strong>Bocchi</strong></span> <span class='ocrx_word' id='word_1_99' title='bbox 664 1546 798 1603; x_wconf 81' lang='lat' dir='ltr'><strong>consilia:</strong></span> <span class='ocrx_word' id='word_1_100' title='bbox 814 1553 952 1622; x_wconf 79' lang='lat' dir='ltr'><strong>praeterea</strong></span> <span class='ocrx_word' id='word_1_101' title='bbox 960 1547 1069 1618; x_wconf 80' lang='lat' dir='ltr'><strong>Dabar,</strong></span> 
     </span>
     <span class='ocr_line' id='line_1_15' title="bbox 184 1640 1073 1718; baseline 0.002 -18"><span class='ocrx_word' id='word_1_102' title='bbox 184 1641 381 1718; x_wconf 78' lang='lat' dir='ltr'><strong>Massugradoe</strong></span> <span class='ocrx_word' id='word_1_103' title='bbox 402 1640 487 1712; x_wconf 90' lang='lat' dir='ltr'><strong>filius,</strong></span> <span class='ocrx_word' id='word_1_104' title='bbox 509 1659 548 1697; x_wconf 85' lang='lat' dir='ltr'><strong>cx</strong></span> <span class='ocrx_word' id='word_1_105' title='bbox 567 1646 654 1716; x_wconf 86' lang='lat' dir='ltr'><strong>gente</strong></span> <span class='ocrx_word' id='word_1_106' title='bbox 673 1641 844 1714; x_wconf 70' lang='lat' dir='ltr'><strong>Masinissae,</strong></span> <span class='ocrx_word' id='word_1_107' title='bbox 864 1649 992 1701; x_wconf 86' lang='lat' dir='ltr'><strong>ceterum</strong></span> <span class='ocrx_word' id='word_1_108' title='bbox 1012 1664 1073 1703; x_wconf 82' lang='lat' dir='ltr'><strong>me·</strong></span> 
     </span>
     <span class='ocr_line' id='line_1_16' title="bbox 184 1738 1073 1814; baseline 0.003 -18"><span class='ocrx_word' id='word_1_109' title='bbox 184 1746 268 1797; x_wconf 87' lang='lat' dir='ltr'><strong>terno</strong></span> <span class='ocrx_word' id='word_1_110' title='bbox 288 1757 392 1814; x_wconf 80' lang='lat' dir='ltr'><strong>genere</strong></span> <span class='ocrx_word' id='word_1_111' title='bbox 411 1739 508 1813; x_wconf 86' lang='lat' dir='ltr'><strong>impar</strong></span> <span class='ocrx_word' id='word_1_112' title='bbox 519 1756 528 1808; x_wconf 88' lang='lat'>;</span> <span class='ocrx_word' id='word_1_113' title='bbox 556 1744 640 1812; x_wconf 83' lang='lat' dir='ltr'><strong>pater</strong></span> <span class='ocrx_word' id='word_1_114' title='bbox 660 1738 722 1812; x_wconf 88' lang='lat' dir='ltr'><strong>ejus</strong></span> <span class='ocrx_word' id='word_1_115' title='bbox 742 1757 780 1795; x_wconf 86' lang='lat' dir='ltr'><strong>cx</strong></span> <span class='ocrx_word' id='word_1_116' title='bbox 807 1739 968 1797; x_wconf 86' lang='lat' dir='ltr'><strong>concubina</strong></span> <span class='ocrx_word' id='word_1_117' title='bbox 991 1747 1073 1799; x_wconf 88' lang='lat' dir='ltr'><strong>ortus</strong></span> 
     </span>
     <span class='ocr_line' id='line_1_17' title="bbox 183 1832 1071 1914; baseline 0.006 -23"><span class='ocrx_word' id='word_1_118' title='bbox 183 1841 266 1904; x_wconf 79' lang='lat' dir='ltr'><strong>erat3</strong></span> <span class='ocrx_word' id='word_1_119' title='bbox 292 1832 399 1891; x_wconf 81' lang='lat' dir='ltr'><strong>Mauro</strong></span> <span class='ocrx_word' id='word_1_120' title='bbox 409 1834 446 1889; x_wconf 88' lang='lat' dir='ltr'><strong>ob</strong></span> <span class='ocrx_word' id='word_1_121' title='bbox 460 1833 571 1908; x_wconf 78' lang='lat' dir='ltr'><strong>ingenii</strong></span> <span class='ocrx_word' id='word_1_122' title='bbox 584 1833 678 1891; x_wconf 84' lang='lat' dir='ltr'><strong>muita</strong></span> <span class='ocrx_word' id='word_1_123' title='bbox 692 1834 767 1891; x_wconf 87' lang='lat' dir='ltr'><strong>bona</strong></span> <span class='ocrx_word' id='word_1_124' title='bbox 777 1853 860 1893; x_wconf 79' lang='lat' dir='ltr'><strong>cerus</strong></span> <span class='ocrx_word' id='word_1_125' title='bbox 870 1842 1071 1914; x_wconf 67' lang='lat' dir='ltr'><strong>necopinaque,</strong></span> 
     </span>
     <span class='ocr_line' id='line_1_18' title="bbox 183 1928 1072 2008; baseline 0.003 -19"><span class='ocrx_word' id='word_1_126' title='bbox 183 1950 270 2008; x_wconf 83' lang='lat' dir='ltr'><strong>quem</strong></span> <span class='ocrx_word' id='word_1_127' title='bbox 285 1930 424 2001; x_wconf 83' lang='lat' dir='ltr'><strong>Bocchus,</strong></span> <span class='ocrx_word' id='word_1_128' title='bbox 439 1929 529 1986; x_wconf 89' lang='lat' dir='ltr'><strong>fidum</strong></span> <span class='ocrx_word' id='word_1_129' title='bbox 545 1947 605 1989; x_wconf 85' lang='lat' dir='ltr'><strong>esse</strong></span> <span class='ocrx_word' id='word_1_130' title='bbox 619 1928 760 1987; x_wconf 80' lang='lat' dir='ltr'><strong>Romania</strong></span> <span class='ocrx_word' id='word_1_131' title='bbox 774 1930 876 1988; x_wconf 87' lang='lat' dir='ltr'><strong>multia</strong></span> <span class='ocrx_word' id='word_1_132' title='bbox 894 1939 983 1990; x_wconf 81' lang='lat' dir='ltr'><strong>antea</strong></span> <span class='ocrx_word' id='word_1_133' title='bbox 998 1941 1072 1992; x_wconf 84' lang='lat' dir='ltr'><strong>tem·</strong></span> 
     </span>
     <span class='ocr_line' id='line_1_19' title="bbox 183 2026 1070 2105; baseline 0.002 -19"><span class='ocrx_word' id='word_1_134' title='bbox 183 2028 344 2104; x_wconf 79' lang='lat' dir='ltr'><strong>pestatibua</strong></span> <span class='ocrx_word' id='word_1_135' title='bbox 357 2032 502 2101; x_wconf 75' lang='lat' dir='ltr'><strong>expertem,</strong></span> <span class='ocrx_word' id='word_1_136' title='bbox 514 2026 593 2083; x_wconf 86' lang='lat' dir='ltr'><strong>illico</strong></span> <span class='ocrx_word' id='word_1_137' title='bbox 604 2026 640 2082; x_wconf 81' lang='lat' dir='ltr'><strong>ad</strong></span> <span class='ocrx_word' id='word_1_138' title='bbox 656 2026 768 2083; x_wconf 83' lang='lat' dir='ltr'><strong>Sullam</strong></span> <span class='ocrx_word' id='word_1_139' title='bbox 781 2030 954 2087; x_wconf 73' lang='lat' dir='ltr'><strong>nunciatum</strong></span> <span class='ocrx_word' id='word_1_140' title='bbox 967 2031 1070 2105; x_wconf 77' lang='lat' dir='ltr'><strong>mittit,</strong></span> 
     </span>
     <span class='ocr_line' id='line_1_20' title="bbox 184 2122 1071 2200; baseline 0.003 -18"><span class='ocrx_word' id='word_1_141' title='bbox 184 2131 201 2159; x_wconf 80' lang='lat'><strong>‘⁶</strong></span> <span class='ocrx_word' id='word_1_142' title='bbox 211 2129 346 2200; x_wconf 81' lang='lat' dir='ltr'><strong>paratum</strong></span> <span class='ocrx_word' id='word_1_143' title='bbox 360 2141 420 2179; x_wconf 87' lang='lat' dir='ltr'><strong>sese</strong></span> <span class='ocrx_word' id='word_1_144' title='bbox 433 2122 535 2188; x_wconf 82' lang='lat' dir='ltr'><strong>fecere,</strong></span> <span class='ocrx_word' id='word_1_145' title='bbox 555 2140 620 2197; x_wconf 84' lang='lat' dir='ltr'><strong>quae</strong></span> <span class='ocrx_word' id='word_1_146' title='bbox 640 2123 767 2197; x_wconf 87' lang='lat' dir='ltr'><strong>populus</strong></span> <span class='ocrx_word' id='word_1_147' title='bbox 788 2124 940 2183; x_wconf 80' lang='lat' dir='ltr'><strong>Romanus</strong></span> <span class='ocrx_word' id='word_1_148' title='bbox 966 2126 1071 2185; x_wconf 70' lang='lat' dir='ltr'><strong>velletr</strong></span> 
     </span>
     <span class='ocr_line' id='line_1_21' title="bbox 183 2217 1073 2296; baseline 0.001 -17"><span class='ocrx_word' id='word_1_149' title='bbox 183 2220 327 2296; x_wconf 86' lang='lat' dir='ltr'><strong>colloquio</strong></span> <span class='ocrx_word' id='word_1_150' title='bbox 337 2218 423 2288; x_wconf 89' lang='lat' dir='ltr'><strong>diem,</strong></span> <span class='ocrx_word' id='word_1_151' title='bbox 438 2217 542 2286; x_wconf 85' lang='lat' dir='ltr'><strong>locum,</strong></span> <span class='ocrx_word' id='word_1_152' title='bbox 553 2222 676 2292; x_wconf 87' lang='lat' dir='ltr'><strong>tempus,</strong></span> <span class='ocrx_word' id='word_1_153' title='bbox 691 2217 753 2293; x_wconf 86' lang='lat' dir='ltr'><strong>ipse</strong></span> <span class='ocrx_word' id='word_1_154' title='bbox 766 2218 923 2294; x_wconf 83' lang='lat' dir='ltr'><strong>deligeret:</strong></span> <span class='ocrx_word' id='word_1_155' title='bbox 940 2224 1073 2280; x_wconf 73' lang='lat' dir='ltr'><strong>consulte</strong></span> 
     </span>
     <span class='ocr_line' id='line_1_22' title="bbox 183 2312 1145 2392; baseline 0.001 -19"><span class='ocrx_word' id='word_1_156' title='bbox 183 2334 245 2373; x_wconf 84' lang='lat' dir='ltr'><strong>aeae</strong></span> <span class='ocrx_word' id='word_1_157' title='bbox 264 2314 363 2372; x_wconf 85' lang='lat' dir='ltr'><strong>omnia</strong></span> <span class='ocrx_word' id='word_1_158' title='bbox 382 2332 449 2370; x_wconf 88' lang='lat' dir='ltr'><strong>cum</strong></span> <span class='ocrx_word' id='word_1_159' title='bbox 469 2312 520 2368; x_wconf 86' lang='lat' dir='ltr'><strong>illc</strong></span> <span class='ocrx_word' id='word_1_160' title='bbox 539 2313 655 2386; x_wconf 77' lang='lat' dir='ltr'><strong>integre</strong></span> <span class='ocrx_word' id='word_1_161' title='bbox 673 2312 801 2371; x_wconf 85' lang='lat' dir='ltr'><strong>habere:</strong></span> <span class='ocrx_word' id='word_1_162' title='bbox 829 2333 887 2373; x_wconf 87' lang='lat' dir='ltr'><strong>neu</strong></span> <span class='ocrx_word' id='word_1_163' title='bbox 912 2315 1071 2392; x_wconf 74' lang='lat' dir='ltr'><strong>Juguruhe</strong></span> <span class='ocrx_word' id='word_1_164' title='bbox 1140 2330 1145 2339; x_wconf 90' lang='grc'><strong>’</strong></span> 
     </span>
     <span class='ocr_line' id='line_1_23' title="bbox 183 2409 1072 2486; baseline 0.003 -18"><span class='ocrx_word' id='word_1_165' title='bbox 183 2412 311 2486; x_wconf 73' lang='lat' dir='ltr'><strong>legatum</strong></span> <span class='ocrx_word' id='word_1_166' title='bbox 339 2409 555 2485; x_wconf 73' lang='lat' dir='ltr'><strong>pertimesceret</strong></span> <span class='ocrx_word' id='word_1_167' title='bbox 587 2428 647 2483; x_wconf 87' lang='lat' dir='ltr'><strong>quo</strong></span> <span class='ocrx_word' id='word_1_168' title='bbox 672 2428 718 2467; x_wconf 86' lang='lat' dir='ltr'><strong>res</strong></span> <span class='ocrx_word' id='word_1_169' title='bbox 745 2411 906 2468; x_wconf 85' lang='lat' dir='ltr'><strong>communie</strong></span> <span class='ocrx_word' id='word_1_170' title='bbox 935 2412 1072 2472; x_wconf 86' lang='lat' dir='ltr'><strong>licentius</strong></span> 
     </span>
     <span class='ocr_line' id='line_1_24' title="bbox 183 2504 1072 2585; baseline 0.003 -22"><span class='ocrx_word' id='word_1_171' title='bbox 183 2512 333 2582; x_wconf 83' lang='lat' dir='ltr'><strong>gereretur</strong></span> <span class='ocrx_word' id='word_1_172' title='bbox 344 2525 351 2575; x_wconf 80' lang='lat'>3</span> <span class='ocrx_word' id='word_1_173' title='bbox 377 2524 446 2560; x_wconf 85' lang='lat' dir='ltr'><strong>nam</strong></span> <span class='ocrx_word' id='word_1_174' title='bbox 466 2504 503 2559; x_wconf 86' lang='lat' dir='ltr'><strong>ab</strong></span> <span class='ocrx_word' id='word_1_175' title='bbox 524 2504 637 2560; x_wconf 81' lang='lat' dir='ltr'><strong>insidiis</strong></span> <span class='ocrx_word' id='word_1_176' title='bbox 663 2505 725 2579; x_wconf 88' lang='lat' dir='ltr'><strong>ejus</strong></span> <span class='ocrx_word' id='word_1_177' title='bbox 751 2506 837 2563; x_wconf 85' lang='lat' dir='ltr'><strong>aliter</strong></span> <span class='ocrx_word' id='word_1_178' title='bbox 856 2508 952 2565; x_wconf 82' lang='lat' dir='ltr'><strong>caveri</strong></span> <span class='ocrx_word' id='word_1_179' title='bbox 971 2510 1072 2585; x_wconf 88' lang='lat' dir='ltr'><strong>nequi·</strong></span> 
     </span>
     <span class='ocr_line' id='line_1_25' title="bbox 184 2594 1073 2679; baseline 0.001 -18"><span class='ocrx_word' id='word_1_180' title='bbox 184 2604 285 2661; x_wconf 82' lang='lat' dir='ltr'><strong>viase.&#39;&#39;</strong></span> <span class='ocrx_word' id='word_1_181' title='bbox 326 2601 383 2659; x_wconf 78' lang='lat' dir='ltr'><strong>Sed</strong></span> <span class='ocrx_word' id='word_1_182' title='bbox 407 2620 459 2676; x_wconf 85' lang='lat' dir='ltr'><strong>ego</strong></span> <span class='ocrx_word' id='word_1_183' title='bbox 479 2602 646 2677; x_wconf 84' lang='lat' dir='ltr'><strong>comperior,</strong></span> <span class='ocrx_word' id='word_1_184' title='bbox 671 2594 816 2659; x_wconf 84' lang='lat' dir='ltr'><strong>Bocchum</strong></span> <span class='ocrx_word' id='word_1_185' title='bbox 840 2604 933 2679; x_wconf 82' lang='lat' dir='ltr'><strong>magis</strong></span> <span class='ocrx_word' id='word_1_186' title='bbox 959 2603 1073 2662; x_wconf 82' lang='lat' dir='ltr'><strong>Punica</strong></span> 
     </span>
     <span class='ocr_line' id='line_1_26' title="bbox 183 2696 1073 2773; baseline 0.003 -18"><span class='ocrx_word' id='word_1_187' title='bbox 183 2698 249 2769; x_wconf 85' lang='lat' dir='ltr'><strong>fide,</strong></span> <span class='ocrx_word' id='word_1_188' title='bbox 263 2716 351 2773; x_wconf 86' lang='lat' dir='ltr'><strong>quam</strong></span> <span class='ocrx_word' id='word_1_189' title='bbox 371 2697 409 2754; x_wconf 93' lang='lat' dir='ltr'><strong>ob</strong></span> <span class='ocrx_word' id='word_1_190' title='bbox 429 2716 463 2753; x_wconf 86' lang='lat' dir='ltr'><strong>ca</strong></span> <span class='ocrx_word' id='word_1_191' title='bbox 480 2715 544 2772; x_wconf 82' lang='lat' dir='ltr'><strong>quae</strong></span> <span class='ocrx_word' id='word_1_192' title='bbox 563 2696 745 2770; x_wconf 76' lang='lat' dir='ltr'><strong>praedicabat,</strong></span> <span class='ocrx_word' id='word_1_193' title='bbox 767 2696 854 2755; x_wconf 88' lang='lat' dir='ltr'><strong>simul</strong></span> <span class='ocrx_word' id='word_1_194' title='bbox 874 2697 1021 2757; x_wconf 81' lang='lat' dir='ltr'><strong>Romanos</strong></span> <span class='ocrx_word' id='word_1_195' title='bbox 1041 2707 1073 2758; x_wconf 84' lang='lat' dir='ltr'><strong>et</strong></span> 
     </span>
     <span class='ocr_line' id='line_1_27' title="bbox 184 2793 1073 2869; baseline 0.001 -17"><span class='ocrx_word' id='word_1_196' title='bbox 184 2795 347 2853; x_wconf 82' lang='lat' dir='ltr'><strong>Numidam</strong></span> <span class='ocrx_word' id='word_1_197' title='bbox 360 2813 410 2869; x_wconf 88' lang='lat' dir='ltr'><strong>spe</strong></span> <span class='ocrx_word' id='word_1_198' title='bbox 422 2794 501 2868; x_wconf 80' lang='lat' dir='ltr'><strong>pacis</strong></span> <span class='ocrx_word' id='word_1_199' title='bbox 514 2793 682 2860; x_wconf 78' lang='lat' dir='ltr'><strong>adtinuisse,</strong></span> <span class='ocrx_word' id='word_1_200' title='bbox 696 2794 881 2868; x_wconf 86' lang='lat' dir='ltr'><strong>multumque</strong></span> <span class='ocrx_word' id='word_1_201' title='bbox 894 2813 961 2851; x_wconf 88' lang='lat' dir='ltr'><strong>cum</strong></span> <span class='ocrx_word' id='word_1_202' title='bbox 974 2794 1073 2853; x_wconf 82' lang='lat' dir='ltr'><strong>animo</strong></span> 
     </span>
     <span class='ocr_line' id='line_1_28' title="bbox 185 2887 1074 2963; baseline -0.001 -13"><span class='ocrx_word' id='word_1_203' title='bbox 185 2911 237 2950; x_wconf 86' lang='lat' dir='ltr'><strong>suo</strong></span> <span class='ocrx_word' id='word_1_204' title='bbox 250 2890 367 2949; x_wconf 85' lang='lat' dir='ltr'><strong>volvere</strong></span> <span class='ocrx_word' id='word_1_205' title='bbox 380 2888 508 2957; x_wconf 84' lang='lat' dir='ltr'><strong>solitum,</strong></span> <span class='ocrx_word' id='word_1_206' title='bbox 523 2887 545 2945; x_wconf 85' lang='lat' dir='ltr'>J</span> <span class='ocrx_word' id='word_1_207' title='bbox 546 2887 704 2963; x_wconf 83' lang='lat' dir='ltr'><strong>ugurtham</strong></span> <span class='ocrx_word' id='word_1_208' title='bbox 720 2887 870 2958; x_wconf 87' lang='lat' dir='ltr'><strong>Romanis,</strong></span> <span class='ocrx_word' id='word_1_209' title='bbox 888 2907 926 2945; x_wconf 85' lang='lat' dir='ltr'><strong>an</strong></span> <span class='ocrx_word' id='word_1_210' title='bbox 943 2888 990 2945; x_wconf 91' lang='lat' dir='ltr'><strong>illi</strong></span> <span class='ocrx_word' id='word_1_211' title='bbox 1009 2890 1074 2949; x_wconf 77' lang='lat' dir='ltr'><strong>Sul·</strong></span> 
     </span>
     <span class='ocr_line' id='line_1_29' title="bbox 184 2983 1073 3062; baseline -0.001 -17"><span class='ocrx_word' id='word_1_212' title='bbox 184 2989 252 3055; x_wconf 88' lang='lat' dir='ltr'><strong>lam,</strong></span> <span class='ocrx_word' id='word_1_213' title='bbox 275 2986 420 3043; x_wconf 80' lang='lat' dir='ltr'><strong>traderet:</strong></span> <span class='ocrx_word' id='word_1_214' title='bbox 448 2983 610 3041; x_wconf 85' lang='lat' dir='ltr'><strong>lubidinem</strong></span> <span class='ocrx_word' id='word_1_215' title='bbox 629 2983 784 3041; x_wconf 81' lang='lat' dir='ltr'><strong>adversum</strong></span> <span class='ocrx_word' id='word_1_216' title='bbox 803 3000 865 3054; x_wconf 90' lang='lat' dir='ltr'><strong>nos,</strong></span> <span class='ocrx_word' id='word_1_217' title='bbox 886 2988 1000 3041; x_wconf 89' lang='lat' dir='ltr'><strong>metum</strong></span> <span class='ocrx_word' id='word_1_218' title='bbox 1018 3005 1073 3062; x_wconf 88' lang='lat' dir='ltr'><strong>pro</strong></span> 
     </span>
    </p>
   </div>
   <div class='ocr_carea' id='block_1_3' title="bbox 184 3084 1074 3453">
    <p class='ocr_par' dir='ltr' id='par_1_4' title="bbox 184 3084 422 3146">
     <span class='ocr_line' id='line_1_30' title="bbox 184 3084 422 3146; baseline -0.008 -1"><span class='ocrx_word' id='word_1_219' title='bbox 184 3087 269 3146; x_wconf 86' lang='lat' dir='ltr'><strong>nobie</strong></span> <span class='ocrx_word' id='word_1_220' title='bbox 292 3084 422 3143; x_wconf 69' lang='lat' dir='ltr'><strong>semisse.</strong></span> 
     </span>
    </p>

    <p class='ocr_par' dir='ltr' id='par_1_5' title="bbox 186 3179 1074 3453">
     <span class='ocr_line' id='line_1_31' title="bbox 245 3179 1073 3256; baseline -0.004 -16"><span class='ocrx_word' id='word_1_221' title='bbox 245 3181 329 3240; x_wconf 79' lang='lat' dir='ltr'>OIX.</span> <span class='ocrx_word' id='word_1_222' title='bbox 372 3180 471 3256; x_wconf 78' lang='lat' dir='ltr'><strong>Igitur</strong></span> <span class='ocrx_word' id='word_1_223' title='bbox 497 3179 580 3237; x_wconf 81' lang='lat' dir='ltr'><strong>Sulle</strong></span> <span class='ocrx_word' id='word_1_224' title='bbox 599 3179 766 3256; x_wconf 84' lang='lat' dir='ltr'><strong>respondit:</strong></span> <span class='ocrx_word' id='word_1_225' title='bbox 787 3182 906 3255; x_wconf 79' lang='lat' dir='ltr'><strong>“pauca</strong></span> <span class='ocrx_word' id='word_1_226' title='bbox 924 3198 956 3237; x_wconf 81' lang='lat' dir='ltr'><strong>se</strong></span> <span class='ocrx_word' id='word_1_227' title='bbox 975 3198 1073 3237; x_wconf 76' lang='lat' dir='ltr'><strong>eoram</strong></span> 
     </span>
     <span class='ocr_line' id='line_1_32' title="bbox 186 3274 1073 3354; baseline -0.002 -18"><span class='ocrx_word' id='word_1_228' title='bbox 186 3279 299 3354; x_wconf 79' lang='lat' dir='ltr'><strong>Aspare</strong></span> <span class='ocrx_word' id='word_1_229' title='bbox 308 3278 474 3336; x_wconf 84' lang='lat' dir='ltr'><strong>locuturum</strong></span> <span class='ocrx_word' id='word_1_230' title='bbox 486 3298 494 3350; x_wconf 82' lang='lat'>3</span> <span class='ocrx_word' id='word_1_231' title='bbox 516 3284 611 3335; x_wconf 84' lang='lat' dir='ltr'><strong>cetera</strong></span> <span class='ocrx_word' id='word_1_232' title='bbox 624 3276 745 3346; x_wconf 76' lang='lat' dir='ltr'><strong>occulte,</strong></span> <span class='ocrx_word' id='word_1_233' title='bbox 756 3282 809 3333; x_wconf 85' lang='lat' dir='ltr'><strong>aut</strong></span> <span class='ocrx_word' id='word_1_234' title='bbox 821 3274 912 3348; x_wconf 88' lang='lat' dir='ltr'><strong>nulle,</strong></span> <span class='ocrx_word' id='word_1_235' title='bbox 921 3280 974 3333; x_wconf 87' lang='lat' dir='ltr'><strong>aut</strong></span> <span class='ocrx_word' id='word_1_236' title='bbox 983 3294 1073 3352; x_wconf 84' lang='lat' dir='ltr'><strong>quam</strong></span> 
     </span>
     <span class='ocr_line' id='line_1_33' title="bbox 186 3374 1074 3453; baseline 0.001 -21"><span class='ocrx_word' id='word_1_237' title='bbox 186 3376 364 3453; x_wconf 76' lang='lat' dir='ltr'><strong>paucissimis</strong></span> <span class='ocrx_word' id='word_1_238' title='bbox 387 3376 578 3452; x_wconf 76' lang='lat' dir='ltr'><strong>praesentibus</strong></span> <span class='ocrx_word' id='word_1_239' title='bbox 588 3375 613 3448; x_wconf 87' lang='lat'><strong>;’&#39;</strong></span> <span class='ocrx_word' id='word_1_240' title='bbox 630 3375 719 3433; x_wconf 89' lang='lat' dir='ltr'><strong>simul</strong></span> <span class='ocrx_word' id='word_1_241' title='bbox 734 3374 842 3446; x_wconf 79' lang='lat' dir='ltr'><strong>edocet,</strong></span> <span class='ocrx_word' id='word_1_242' title='bbox 867 3393 932 3451; x_wconf 80' lang='lat' dir='ltr'><strong>quae</strong></span> <span class='ocrx_word' id='word_1_243' title='bbox 953 3375 1009 3432; x_wconf 85' lang='lat' dir='ltr'><strong>aibi</strong></span> <span class='ocrx_word' id='word_1_244' title='bbox 1028 3392 1074 3433; x_wconf 83' lang='lat' dir='ltr'><strong>re-</strong></span> 
     </span>
    </p>
   </div>
   <div class='ocr_carea' id='block_1_4' title="bbox 0 0 1218 3790">
    <p class='ocr_par' dir='ltr' id='par_1_6' title="bbox 0 0 1218 3790">
     <span class='ocr_line' id='line_1_34' title="bbox 0 0 1218 3790; baseline 0 0"><span class='ocrx_word' id='word_1_245' title='bbox 0 0 1218 3790; x_wconf 95' lang='lat' dir='ltr'><strong> </strong></span> 
     </span>
    </p>
   </div>
  </div>
 </body>
</html>
