2426 3790
208 266 246 325 78
411 264 634 324 SALLUSYII
657 264 683 322 J
686 264 890 326 UGUM'HA.

207 417 317 476 intenti
330 417 529 493 preliantibus
539 417 667 474 aderant.
696 416 864 493 Exploratis
874 418 1016 489 omnibus,
1027 438 1097 494 quae

208 535 278 572 mox
296 517 362 573 usui
377 516 438 572 fore
455 516 586 585 ducebat,
602 516 701 572 cadem
720 516 889 591 regreditur,
906 533 966 573 non
979 518 1094 590 timere,

209 614 254 669 uti
275 612 449 681 escenderat,
470 611 521 667 sed
544 617 662 668 tentans
685 613 782 668 omnia
802 619 832 668 et
852 613 1094 687 circumspiciens.

210 707 316 784 Itaque
330 708 457 764 Marium
472 727 591 783 propere
607 708 678 778 adit,
693 714 758 764 acta
774 708 882 780 edocet,
898 708 1041 781 bortatur,
1056 712 1096 767 ab

129 824 131 837 ·
210 824 244 862 ca
262 809 353 880 parte,
372 823 431 879 qua
447 804 508 879 ipse
522 804 696 875 escenderat,
716 804 865 862 castellum
878 811 989 864 tentet:
1010 808 1097 884 polli-

209 909 293 960 cetur
317 919 377 957 sese
399 900 513 957 itineris
536 901 713 978 periculique
737 903 846 962 ducem.
888 903 1002 960 Marius
1026 923 1096 961 cum
1202 902 1203 915 ¹

210 998 325 1074 Ligure,
341 999 479 1073 promissa
492 999 553 1073 ejus
566 1001 722 1073 cognitum,
738 1019 775 1056 ex
788 1001 977 1075 praesentibus
994 1002 1093 1058 misit:

210 1112 334 1170 qnorum
350 1096 396 1151 uti
412 1095 549 1170 cujusque
567 1095 715 1171 ingenium
732 1104 802 1166 erat,
817 1097 934 1154 iterem
947 1097 1095 1155 difficilem

210 1194 263 1246 aut
275 1189 388 1247 facilem
402 1190 581 1248 nunciavere.
625 1191 758 1248 Consulis
774 1193 888 1249 animus
900 1200 998 1250 tamen
1011 1196 1096 1269 paul-

210 1284 272 1342 lum
295 1293 432 1342 arrectus.
475 1286 580 1360 Itaque
603 1305 641 1343 ex
664 1288 746 1361 copia
768 1288 928 1344 tubicinum
949 1295 980 1344 et
1001 1289 1096 1346 corni-

211 1382 317 1452 cinum,
332 1399 453 1437 numero
468 1382 605 1456 quinque,
621 1400 706 1456 quam
722 1381 914 1439 velocissimos
931 1382 1047 1459 delegit,
1062 1392 1096 1441 et

211 1497 277 1534 cum
290 1477 345 1547 his,
357 1477 490 1553 praesidio
503 1478 554 1552 qui
568 1479 670 1549 forent,
682 1484 808 1553 quatuor
821 1479 1016 1536 centuriones:
1032 1499 1095 1536 om·
1202 1502 1203 1505 ¹

211 1591 319 1647 nesque
339 1571 441 1647 Liguri
460 1590 560 1647 parere
575 1573 669 1648 jubet,
692 1587 723 1630 et
742 1575 770 1631 ei
788 1576 905 1650 negotio
924 1575 1094 1650 proximum

211 1669 287 1725 diem
301 1668 458 1725 constituit

270 1764 387 1820 XCIV·
437 1763 501 1835 Sed,
529 1764 580 1821 ubi
608 1785 645 1822 ex
671 1771 812 1840 praecepto
843 1772 959 1841 tempus
984 1765 1091 1837 visum,

210 1861 320 1937 paratis
333 1862 553 1937 compositisque
566 1863 707 1934 omnibus,
720 1863 756 1918 ad
770 1862 865 1919 locum
877 1861 978 1938 pergit
1009 1861 1095 1919 Oete-
1202 1846 1203 1885 ³

210 1978 277 2016 rum
296 1958 349 2029 illi,
364 1958 416 2034 qui
434 1959 580 2015 ascensuri
598 1967 690 2028 erant,
706 1958 843 2033 praedocti
860 1959 897 2013 ab
915 1958 995 2027 duce,
1010 1977 1094 2014 arma

211 2063 403 2131 ornatumque
423 2061 619 2127 mutaverunt,
638 2055 732 2130 capite
749 2060 837 2130 atque
854 2055 975 2130 pedibus
994 2055 1091 2124 nudis,

211 2152 257 2209 uti
276 2158 442 2228 prospectus
461 2152 597 2227 nisusque
614 2171 666 2227 per
681 2171 750 2208 saxa
766 2152 877 2208 facilius
894 2151 983 2208 foret:
1005 2171 1094 2227 snper

211 2256 293 2325 terga
312 2250 401 2324 gladii
421 2255 451 2306 ct
471 2257 564 2308 scuta:
587 2266 689 2306 rerum
710 2269 743 2306 ea
763 2249 921 2306 Numidica
940 2268 977 2306 ex
997 2248 1090 2318 coriis,
1202 2282 1203 2325 3

211 2346 346 2420 ponderis
366 2345 460 2420 gratia
481 2345 575 2416 simul,
600 2351 631 2402 et
657 2345 764 2401 offensa
786 2364 844 2420 quo
866 2345 959 2400 levius
985 2350 1092 2420 strepe-

211 2446 285 2500 rent
328 2440 425 2516 Igitur
436 2441 628 2515 praegrediens
641 2441 731 2516 Ligus
745 2459 823 2512 saxa,
838 2446 869 2499 et
881 2441 906 2497 si
918 2460 982 2516 quse
996 2448 1093 2497 verua

212 2541 272 2591 tate
288 2536 398 2593 radices
416 2537 590 2607 eminebant,
605 2536 715 2611 laqueis
728 2538 880 2607 vinciebat,
894 2538 1000 2613 quibus
1017 2537 1093 2594 adle-

210 2632 274 2688 vati
289 2632 402 2689 facilius
420 2635 618 2690 escenderent:
639 2633 787 2691 interdum
804 2633 921 2690 timidos
936 2633 1092 2692 insolentia

210 2727 325 2784 itineris
344 2728 438 2786 levare
459 2749 549 2786 manu
558 2748 568 2801 ;
594 2730 646 2787 ubi
666 2729 764 2805 paullo
783 2730 910 2804 asperior
928 2730 1089 2802 adscensus,

210 2826 339 2901 singulos
361 2844 420 2901 prae
443 2846 473 2883 se
494 2828 617 2885 inermes
644 2828 778 2899 mittere;
807 2828 911 2884 deinde
936 2828 998 2903 ipse
1024 2847 1090 2886 cum
1202 2886 1203 2901 ,

210 2922 328 2979 illorum
346 2925 432 2980 armis
452 2924 548 2999 sequi,
571 2943 635 2999 quac
656 2925 744 2980 dubia
761 2924 827 2980 nisu
845 2924 1027 2997 videbantur,
1042 2945 1091 3001 po
1202 2940 1203 2961 ³

210 3019 338 3075 tissimus
353 3023 474 3089 tentare,
489 3038 530 3089 ao,
546 3020 650 3095 saepius
668 3020 766 3077 eadem
785 3019 960 3076 adscendens
977 3019 1090 3077 descen·
1202 3060 1203 3079 1

211 3114 345 3189 densque,
375 3114 443 3171 dein
473 3117 573 3173 statim
605 3116 774 3190 digrediens,
806 3117 908 3172 ceteris
940 3115 1090 3173 audaciam

211 3210 322 3268 addere.
364 3211 469 3286 Igitur,
491 3212 543 3269 diu
570 3212 753 3288 multumque
775 3212 898 3288 fatigati,
919 3213 1038 3268 tandem
1058 3212 1089 3267 in

211 3304 361 3362 castellnm
386 3307 568 3382 perveniunt,
593 3307 737 3364 desertum
764 3307 813 3369 ab,
827 3327 862 3365 ca
886 3312 987 3382 parte3
1012 3306 1089 3382 quod

212 3418 317 3474 omnes,
342 3406 428 3462 menti
450 3405 515 3462 aliis
537 3405 646 3472 diebus,
668 3405 820 3462 adversum
843 3406 939 3461 hostes
960 3403 1085 3460 aderant
