2426 3790
184 262 223 319 lb
381 258 606 320 SALLUSTII
627 260 655 318 J
657 260 867 323 UGURPHA.

183 413 284 484 velint,
300 412 415 470 abunde
425 412 484 469 illis
494 412 648 470 faeundam
661 419 692 471 et
705 415 893 490 compositam
903 417 1066 475 orationem

183 509 251 568 fore.
293 507 358 581 Sed,
373 509 406 566 in
426 509 554 566 maximo
571 514 667 567 vestro
685 510 832 583 bonefisio,
851 514 1070 570 cumomnibus

182 605 252 662 loeis
271 625 318 665 me
330 624 439 681 vosque
459 604 620 662 maledictis
637 604 772 677 lacerent,
791 625 851 663 non
871 605 982 682 placuit
1001 608 1070 665 reti·

160 685 167 695 ⁴
182 719 252 772 oere,
267 701 383 777 nequis
397 701 566 757 modestiam
575 699 820 758 inconsoientiam
834 702 958 759 duceret
987 702 1069 761 Nam

87 806 92 816 ·
181 815 229 854 me
240 797 368 872 quidem,
382 795 520 852 exanimi
532 795 591 853 mei
603 796 756 867 sententia,
771 796 854 853 nulla
863 798 956 855 oratio
963 798 1069 857 laedere

180 896 291 967 potest:
304 892 412 968 quippe
425 910 502 962 vera,
510 910 624 949 neeesse
637 897 689 962 est,
704 891 779 949 bene
791 892 943 967 praedicet3
963 894 1067 953 falsam

180 987 243 1043 vita
255 1006 405 1064 moresque
419 988 476 1045 mei
490 993 637 1063 superant
674 986 739 1059 Sed,
749 990 886 1063 quoniam
897 996 1068 1050 vestraoon-

179 1084 245 1141 silia
256 1093 434 1157 accusantur,
449 1087 501 1162 qui
517 1085 593 1142 mibi
612 1102 760 1140 summum
780 1084 917 1142 honorem
932 1091 962 1143 et
974 1088 1067 1145 maxi-

179 1199 260 1237 mum
277 1183 427 1257 negotium
446 1181 633 1258 imposuistis,
656 1181 747 1237 etiam
765 1186 854 1257 atque
873 1182 963 1239 etiam
982 1202 1066 1258 repu-

150 1306 155 1319 1
178 1281 247 1350 tate,
267 1297 339 1334 num
358 1293 458 1335 eorum
471 1277 671 1354 poenitendum
688 1278 738 1334 sit.
779 1277 849 1335 Non
866 1297 983 1354 possum
995 1280 1066 1337 fidei

178 1393 277 1432 caussa
289 1375 437 1450 imagines,
453 1393 547 1450 neque
563 1373 736 1450 triumphos,
756 1380 809 1431 aut
825 1376 991 1432 consulatus
1005 1395 1066 1433 ma-

175 1472 272 1547 j0rum
293 1490 431 1540 meorum,
447 1476 613 1542 ostentare3
634 1475 675 1542 st,
696 1469 721 1526 si
741 1488 787 1527 res
806 1470 941 1545 postulet,
955 1470 1062 1543 hastas,

179 1566 327 1637 vexillum,
342 1565 483 1641 phaleras,
497 1564 555 1622 alia
567 1564 708 1622 militaria
721 1565 796 1622 dona
802 1586 811 1637 3
831 1572 976 1641 praeterea,
991 1567 1064 1625 cies-

178 1664 264 1722 tn'oes
276 1662 397 1720 adverso
415 1681 540 1738 corpore.
584 1661 641 1720 Hoe
658 1666 728 1720 sunt
747 1680 818 1719 meae
838 1663 986 1738 imagines,
1000 1664 1064 1722 hoeo
1124 1714 1131 1727 ,

177 1757 322 1829 nobilitas,
336 1777 396 1814 non
414 1758 577 1815 hereditate
596 1758 704 1828 relicta,
722 1764 758 1815 ut
772 1759 824 1814 ille
841 1758 907 1831 illis,
928 1760 979 1817 sed
997 1780 1064 1836 quaa

178 1873 229 1929 ego
242 1853 375 1929 plurimis
387 1854 535 1911 laboribus
549 1860 579 1911 et
591 1854 726 1930 perieulis
740 1855 866 1930 quaesivi.
909 1855 979 1913 Non
992 1860 1064 1916 sunt

177 1951 334 2026 composita
352 1951 440 2007 verba
456 1969 521 2007 mea
530 1968 539 2020 3
561 1968 664 2025 parum
684 1950 715 2006 id
735 1951 809 2008 focio
818 1970 828 2022 3
849 1951 911 2026 ipsa
923 1971 955 2009 se
966 1953 1063 2010 virtus

176 2046 247 2103 satis
259 2045 404 2103 ostendit:
425 2045 486 2101 illis
498 2045 622 2103 artifieio
641 2064 713 2120 opus
733 2050 785 2115 est,
800 2045 846 2102 uti
865 2046 965 2120 turpia
985 2048 1063 2104 faeta

177 2143 306 2200 oratione
319 2147 428 2218 tegant.
468 2141 573 2217 Neque
586 2140 699 2198 litteras
713 2141 827 2198 Graeoas
840 2141 941 2199 didici:
959 2160 1062 2217 parum

176 2237 309 2313 plorebat
322 2232 486 2309 eas'dioere,
497 2236 606 2312 quippe
616 2255 680 2312 quae
693 2236 731 2293 ad
745 2237 884 2293 virtutem
895 2237 1061 2294 doctoribus

176 2333 250 2390 nihil
270 2334 448 2408 profuerunt
490 2333 535 2390 At
558 2333 617 2402 illa,
642 2332 735 2390 multo
758 2333 867 2408 optima
885 2333 1059 2409 reipublieoe‚

177 2429 278 2486 doetus
299 2449 364 2486 sum
376 2448 386 2500 3
412 2429 526 2486 hostem
553 2429 648 2500 ferire,
676 2428 808 2503 praesidia
830 2429 958 2503 agitare:
985 2428 1061 2486 nihil

177 2530 312 2597 metuere,
340 2526 398 2583 nisi
429 2532 547 2602 turpem
573 2524 679 2582 famam
689 2545 699 2597 3
724 2525 848 2582 hiemem
873 2531 905 2582 et
930 2531 1060 2584 estatem

172 2621 262 2696 juxta
274 2621 335 2697 pati
343 2641 352 2693 3
374 2622 456 2679 humi
466 2623 660 2698 requiescer03
677 2621 776 2679 eodem
790 2627 920 2697 tempore
931 2621 1060 2697 inopiam

176 2723 207 2774 et
219 2717 344 2774 laborem
360 2718 489 2776 tolerare.
532 2717 591 2776 His
610 2736 662 2793 ego
681 2719 831 2792 praeceptis
844 2716 952 2774 milites
964 2717 1060 2775 horta

175 2814 241 2872 bor:
266 2832 361 2889 neque
382 2814 449 2870 illos
471 2821 551 2871 arete
572 2814 673 2885 oolam,
696 2832 742 2870 me
763 2813 916 2888 opulenter
927 2833 936 2884 3
964 2832 1060 2889 neque

175 2909 297 2986 gloriam
311 2929 404 2967 meam
418 2910 549 2966 laborum
562 2910 678 2967 illorum
691 2911 803 2967 faniam.
838 2909 906 2966 Hoo
919 2914 963 2967 est
976 2909 1058 2980 utile,

176 3005 229 3062 hoo
243 3006 328 3063 civile
341 3006 503 3080 imperium.
532 3005 676 3081 Namque,
688 3024 753 3062 oum
768 3010 833 3062 tute
842 3024 895 3081 per
905 3005 1057 3063 mollitiem

176 3119 250 3175 agas,
262 3103 421 3157 exercitum
435 3100 574 3177 supplicio
588 3096 694 3175 eogere,
708 3100 805 3169 idest,
821 3100 979 3171 dominum,
999 3118 1059 3156 non

177 3195 386 3269 imperatorem,
403 3215 470 3256 esse.
513 3197 587 3254 Hoee
612 3206 703 3277 atque
726 3196 797 3253 talia
820 3197 942 3271 majores
966 3198 1058 3253 vestri

177 3287 307 3347 faoiendo
333 3309 420 3367 seque
442 3311 561 3367 remque
581 3293 726 3367 publicam
753 3292 947 3349 celebravere:
974 3293 1058 3368 queis

178 3383 312 3444 nobilitas
338 3388 420 3462 irata,
448 3390 511 3465 ipae
532 3389 679 3447 dissimilis
700 3391 835 3461 moribus,
863 3408 916 3446 nos
938 3388 1056 3447 illorum
