2426 3790
335 276 553 340 srrnnsrll
577 272 817 338 JUCUBTHA.
897 335 900 341 ,
975 273 1022 338 '17

136 434 215 493 inter
227 453 258 493 se
271 428 467 495 instituerant.
506 436 622 493 Nomen
635 455 735 493 eorum
748 434 903 511 paullatim
916 433 1023 510 Libyes

135 551 299 610 corrupere,
318 532 442 589 barbara
466 532 568 606 lingua
591 531 711 588 Mauros
733 549 786 606 pro
808 530 904 587 Medis
925 530 1023 606 adpel-

137 628 240 693 lantes,
282 628 340 686 Sed
360 647 406 685 res
426 627 581 684 Persarum
602 627 685 685 brevi
703 626 846 685 adolevit:
870 646 902 683 ao
923 633 1024 702 postea

136 726 255 784 nomine
274 725 419 798 Numida,
439 730 568 815 propter⁶
576 724 798 781 multitudinem
819 724 1024 800 aparentibus

30 868 33 873 »
137 824 268 902 digressi,
282 823 435 899 possedere
451 841 486 879 ea
503 821 572 893 loca,
588 840 652 902 quae
670 815 805 897 proxime
816 820 1024 897 Carthaginem

138 920 281 977 Numidia
298 921 469 996 adpellatur.
507 919 591 976 ‘Dein
609 920 735 995 utrique,
750 919 849 976 alteris
869 918 946 991 freti,
960 919 1024 976 fini-

138 1015 226 1072 timos
247 1015 335 1072 armis
355 1021 408 1073 aut
426 1022 509 1073 metu
529 1015 583 1073 sub
610 1015 766 1092 imperium
787 1034 895 1092 eogere,
916 1035 1024 1074 nomeu

139 1112 317 1187 gloriamque
338 1113 395 1169 sibi
420 1112 556 1169 addidere
566 1130 575 1184 3
602 1111 694 1188 magis
712 1111 745 1168 hi
765 1112 817 1188 qui
836 1113 873 1170 ad
892 1118 1025 1170 nostrum

139 1229 220 1267 mare
233 1215 448 1286 processerant:
470 1209 539 1285 qnia
559 1208 674 1284 Libyes,
687 1227 775 1286 quam
796 1207 911 1280 Gaetuli,
926 1209 1024 1266 minus

139 1307 287 1364 bellicosi:
315 1307 439 1382 deniqne
465 1307 576 1363 Africae
597 1325 664 1384 pars
687 1306 808 1363 inferior
828 1306 965 1381 pleraque
986 1307 1024 1364 ab

140 1404 279 1461 Numidis
292 1422 419 1478 possessa
437 1409 496 1461 est:
516 1403 589 1459 vieti
602 1421 702 1459 omnes
719 1404 752 1459 in
769 1408 886 1479 gentem
905 1420 1025 1458 nomen·

141 1520 198 1578 que
210 1499 418 1576 imperantium
431 1518 599 1557 conoessero.

200 1596 291 1656 XIX.
319 1597 426 1654 Postea
439 1595 598 1667 Phoenices,
608 1595 659 1652 alii
672 1594 872 1652 multitudinis
884 1592 1023 1652 domimi·

140 1694 263 1751 nuendae
281 1694 383 1771 gratia,
398 1712 463 1770 pare
475 1695 590 1770 imperii
604 1691 747 1769 cupidine,
762 1692 917 1749 sollicitata
930 1692 1022 1768 plebe,

140 1795 172 1847 et
191 1789 256 1846 aliis
271 1807 413 1845 novarum
428 1807 526 1845 rerum
544 1787 645 1857 avidis,
663 1785 840 1862 Hipponem,
861 1785 1025 1846 Hadrume

140 1873 213 1956 tum,
235 1885 362 1960 Leptim,
383 1884 511 1960 aliasque
530 1885 620 1940 urbes
641 1883 674 1938 in
693 1900 744 1938 ora
763 1882 910 1939 maritima
929 1884 1025 1941 condi-

139 1982 227 2041 dere:
246 1981 348 2056 haeque
361 1980 444 2037 brevi
456 1979 583 2036 multum
596 1983 695 2050 anetae,
711 1998 778 2055 pars
791 1979 952 2055 originibus
966 1979 1025 2036 suis

141 2078 282 2155 praesidio,
297 2077 361 2133 aliae
374 2075 470 2133 decori
482 2076 582 2132 fuere:
603 2094 671 2131 nam
689 2075 724 2132 de
742 2074 918 2150 Carthagine
941 2074 1026 2131 silere

141 2176 245 2233 melius
264 2179 344 2250 puto,
359 2191 448 2248 quam
467 2191 571 2248 parum
591 2171 685 2228 dicere
694 2189 704 2242 3
725 2170 863 2245 quoniam
883 2171 941 2227 alio
961 2188 1026 2246 pro-

141 2288 241 2348 perare
260 2277 375 2345 tempus
401 2274 507 2327 monet.
550 2267 647 2342 Igitur
673 2267 710 2324 ad
731 2266 952 2338 Catabathmon,
974 2266 1026 2341 qui

141 2368 220 2426 loeus
234 2368 400 2443 AEgyptum
413 2366 450 2422 ab
459 2365 562 2421 Africa
576 2364 688 2435 dividit,
705 2364 829 2420 seeundo
840 2361 922 2433 mari,
931 2363 1026 2439 prima

142 2467 255 2542 Cyrene
272 2471 324 2533 est,
343 2463 455 2521 colonia
471 2460 609 2531 Themin,
628 2481 662 2518 ao
678 2461 812 2536 deinceps
831 2461 899 2518 duae*
915 2460 1023 2536 Syrtes,
1073 2500 1075 2504 -

140 2563 276 2637 interque
290 2580 338 2619 eas
351 2559 470 2636 Leptis:
492 2558 560 2614 dein
574 2554 725 2613 Philaendn
739 2575 804 2628 arae,
819 2575 907 2632 quem
920 2557 1023 2627 locum,

141 2660 308 2736 AEgyptum
334 2674 443 2727 versus,
463 2653 554 2710 finem
578 2652 694 2727 imperii
720 2652 849 2710 habuere
874 2653 1025 2730 Carthagi·

140 2756 273 2811 nienses:
292 2758 359 2828 post
378 2751 442 2807 aliae
462 2748 580 2805 Punicae
600 2747 694 2805 urbes.
738 2746 841 2804 Cetera
858 2747 1025 2824 lucensque

140 2855 178 2911 ad
191 2851 409 2909 Mauretaniam
422 2847 562 2903 Numidae
572 2849 693 2902 tenent:
707 2838 839 2919 proxime
849 2841 1026 2917 Hispaniam

141 2948 241 3005 Mauri
253 2954 324 3004 sunt
336 2967 343 3004 ι
360 2963 447 3021 super
459 2942 632 3000 Numidiam
646 2939 774 2997 Gaetulos
788 2938 950 3014 accepimus
963 2956 1026 3013 par-

140 3046 194 3101 tim
205 3045 241 3101 in
254 3043 389 3120 tuguriis,
404 3041 476 3098 alios
489 3038 629 3097 incultius
643 3055 733 3112 vagos·
746 3036 878 3112 agitare;
899 3041 965 3110 post
978 3053 1026 3091 eos

141 3141 298 3216 AEthiopas
311 3157 389 3212 esse;
408 3137 475 3194 dein
488 3137 551 3192 loea
564 3138 667 3191 exusta
680 3133 747 3190 solis
765 3132 923 3215 ardoribus.
965 3131 1026 3207 lgi-

140 3243 191 3295 tur
210 3239 286 3296 bello
305 3237 328 3296 J
330 3236 488 3313 ugurthino
507 3234 642 3310 pleraque
662 3250 700 3288 ex
720 3230 841 3287 Punicis
860 3226 973 3304 oppida,
995 3233 1026 3286 et

140 3337 213 3394 fines
227 3333 519 3411 Carthaginiensium,
534 3350 606 3408 quos
625 3329 779 3387 novissime
792 3328 962 3401 habuerant,
977 3346 1026 3405 po·
1143 3322 1154 3339 ”

140 3433 229 3510 pulus
242 3431 392 3489 Romanus
404 3449 457 3508 per
470 3429 655 3505 magistratus
669 3424 907 3484 administrabat:
929 3424 1026 3482 Cretu-

929 3519 950 3583 2

225 3570 283 3613 «JUG
