2426 3790
191 261 229 318 30
387 255 490 316 Sene
499 253 611 314 Usus]
636 250 873 312 weverae.

185 415 331 487 postremo
351 408 529 479 confirmare,
543 407 630 465 fidem
646 406 791 482 publicam
811 424 863 482 per
881 424 943 463 sese
953 404 1078 462 invicia

187 515 249 565 iam
273 508 341 565 fore.
383 504 462 574 Posi,
490 505 542 560 ubi
566 503 717 560 silentium
739 502 833 577 coepib,
855 502 996 577 producto
1022 501 1044 558 J
1046 522 1078 558 u·
1121 565 1125 572 ¹

186 603 301 679 gurtha,
316 603 406 659 verba
418 601 508 672 facib5
530 599 631 656 Romae
651 598 856 672 Numidiaeque
871 598 1000 654 facinora
1012 596 1077 671 ejus

185 704 334 768 memorab,
346 697 454 755 scelere
466 695 499 752 in
508 702 631 770 patrem,
642 695 803 770 fratresque
816 694 965 750 ostendit:
989 692 1077 768 “qui-

185 796 240 852 bus
255 794 438 870 juvantibus,
455 794 619 870 quibusque
641 790 783 848 ministris
800 809 834 847 ea
853 791 953 865 egerit,
974 808 1076 864 quam·

185 910 275 965 quam
294 890 439 964 intelligat
459 888 583 965 populus
597 887 755 958 Romanus,
771 892 870 944 tamen
889 886 966 944 velle
985 886 1068 943 mani

185 990 259 1044 festa
273 988 363 1062 magis
376 1005 414 1043 ex
427 987 479 1043 illo
494 986 619 1043 habere:
639 985 665 1040 si
684 1003 754 1041 vera
773 983 908 1060 aperiret,
922 983 954 1039 in
970 983 1027 1040 fide
1042 989 1075 1040 eb

186 1084 339 1141 clementia
364 1084 467 1159 populi
485 1082 613 1140 Romani
638 1100 774 1156 magnam
794 1099 875 1156 spem
899 1079 1073 1137 illicitam:

186 1179 233 1235 sin
251 1180 379 1251 reticeat,
394 1198 454 1236 non
471 1179 556 1236 sociis
571 1178 660 1235 sedubi
679 1177 760 1248 fore3
784 1193 845 1233 sese
865 1194 989 1251 suasque
1008 1194 1077 1251 spes

186 1278 418 1351 corrupturum.’'
1008 1330 1010 1340 ,

245 1371 401 1429 XXXIV.
442 1370 530 1442 Dein,
557 1370 612 1427 ubi
644 1367 803 1432 Memmius
835 1367 952 1425 dicendi
982 1368 1073 1424 finem

185 1469 261 1541 fecii,
284 1474 314 1526 ei
340 1467 490 1542 Jugurtha
515 1466 687 1542 respondere
702 1465 801 1540 jussus
827 1472 879 1532 esi,
900 1463 931 1523 O.
955 1462 1072 1520 Baebius

185 1566 322 1623 tribunus
339 1565 439 1641 plebis,
453 1583 540 1641 quem
560 1563 682 1639 pecunie
701 1567 869 1637 corruptum
889 1579 977 1636 supra
996 1560 1073 1617 dixi-

185 1681 258 1733 mus,
272 1681 370 1736 regem
389 1666 486 1718 iacere
500 1660 605 1735 jubet:
626 1676 668 1728 ao,
685 1659 804 1715 tametsi
823 1657 991 1727 multitudo,
1005 1675 1072 1731 quae

186 1760 219 1825 in
253 1759 387 1816 concione
420 1758 528 1829 aderet,
563 1755 751 1813 vehementer
782 1773 907 1826 accensa,
942 1754 1072 1810 terrebat

186 1876 253 1914 cum
266 1855 398 1925 clamore,
412 1856 507 1926 vulin,
523 1872 597 1930 saepe
610 1854 731 1928 impetu,
744 1856 835 1926 abque
847 1850 913 1909 aliis
925 1849 1069 1918 omnibus,

185 1972 249 2028 quae
275 1952 319 2008 ira
345 1951 409 2008 fien·
435 1956 522 2021 amat,
551 1951 624 2008 vicii
655 1956 755 2008 tamen
789 1948 979 2024 impudentia
1021 1946 1072 2002 Ita

185 2048 309 2123 populus
320 2034 447 2104 ludibiio
460 2047 577 2104 babitus
591 2065 629 2103 ex
641 2048 778 2104 concione
791 2045 940 2116 discessit3
961 2041 1071 2118 ‹Iugur-

186 2144 244 2200 bhae
259 2143 423 2217 Bestiaeque
436 2148 467 2198 eb
479 2142 588 2214 ceteris,
604 2161 676 2217 quos
695 2141 747 2199 illa
759 2140 881 2216 quaestio
894 2138 1068 2215 exagitabat,

186 2238 277 2294 animi
290 2243 455 2311 augescunt.
612 2262 614 2265 ·
645 2235 649 2247 ’

245 2332 388 2389 XXXV.
430 2332 504 2389 Emi
517 2351 552 2389 ea
564 2337 738 2408 tempestate
748 2332 850 2389 Romae
864 2331 994 2389 Numida
1008 2332 1070 2407 qui-

186 2426 261 2497 dam,
272 2427 390 2485 nomine
403 2426 539 2499 Massiva,
550 2427 681 2484 Gulussae
693 2428 778 2498 filius,
790 2427 951 2485 Masinissae
960 2445 1049 2503 nepos
1058 2445 1068 2497 3

186 2521 246 2596 qui,
271 2520 347 2596 quia,
368 2521 401 2577 in
423 2521 599 2579 dissensione
625 2540 735 2596 regum,
756 2521 911 2597 Jugurthae
931 2523 1069 2581 adversus

186 2617 290 2686 fuerat,
310 2615 408 2672 dedita
426 2616 508 2673 Oiria
523 2622 554 2673 eb
571 2616 740 2673 Adherbale
755 2617 916 2688 interfecto,
931 2615 1070 2693 profugus

187 2730 225 2767 cx
248 2710 351 2768 Africa
375 2711 494 2768 abierat.
540 2711 623 2768 Huic
644 2712 691 2787 Sp.
707 2713 843 2783 Albinus,
864 2713 917 2789 qui
936 2714 1069 2788 proximo

186 2825 263 2864 anno
283 2813 348 2882 post
368 2806 498 2863 Bestiam
511 2825 578 2863 cum
598 2808 632 2876 Q.
647 2807 780 2864 Minucio
794 2806 872 2864 Rufo
886 2807 1069 2867 consulatum

186 2902 312 2978 gerebat,
333 2902 494 2976 persuadet,
514 2904 652 2978 quoniam
671 2921 710 2960 ex
729 2903 819 2979 sbirpe
838 2903 1000 2960 Masinissa
1019 2904 1066 2975 sib,

153 2985 155 2993 γ
185 2998 208 3054 J
210 2997 365 3072 uguriham
378 2997 415 3053 ob
433 2997 540 3053 scelera
558 2996 671 3054 invidia
690 3017 758 3055 cum
777 3003 859 3066 metu
881 3003 991 3074 urgeat,
1005 3018 1069 3074 reg·

186 3112 259 3150 num
272 3091 420 3149 Numidiae
440 3092 477 3148 ab
497 3100 600 3150 senatu
617 3098 707 3169 petab
749 3092 866 3150 Avidus
883 3094 982 3151 consul
998 3094 1068 3152 belli

187 3188 313 3264 gerendi,
329 3188 440 3244 moveri
460 3206 547 3262 quam
566 3207 710 3245 senescere
729 3189 827 3245 omnia
845 3188 991 3247 malebat:
1011 3190 1068 3265 ipsi

187 3283 337 3358 provincia
345 3283 496 3355 Numidia,
505 3283 637 3341 Minucio
647 3284 820 3342 Macedonia
828 3269 971 3343 evenemb.
995 3285 1067 3354 Qum

187 3381 341 3459 postquam
361 3378 490 3438 Massiva
509 3380 618 3456 agitare
639 3380 733 3456 coepit,
749 3398 842 3457 neque
861 3378 1017 3456 Jugurthae
1034 3384 1067 3441 in
