2426 3790
350 256 573 321 Slttusrll
595 259 621 318 J
625 256 829 319 UGURTHA.
955 250 958 256 ’
995 260 1034 316 ts

147 416 259 474 incerto
277 414 385 490 proelio,
399 416 455 491 ipsi
474 414 561 472 modo
580 415 694 471 eminus
712 414 930 482 sauciabantur,
938 432 1033 490 neque
1080 458 1083 465 .

145 517 251 569 contra
273 510 397 567 feriendi
421 515 475 566 aut
500 528 620 566 menum
646 510 816 567 conserendi
846 509 929 585 copis
960 515 1031 566 eret.

146 607 249 663 Antea
271 606 333 681 jam
361 604 440 662 docti
466 604 505 660 eb
532 604 683 679 Jugurths
709 604 831 679 equites,
857 604 1034 680 ubicumque

146 701 345 759 Bouronmrrm
372 700 461 757 turbe
486 699 601 775 insequi
626 706 759 775 coeperat,
784 718 844 756 nou
869 700 1030 770 confertim,

145 814 241 872 neque
259 797 292 852 in
312 815 404 853 unum
424 812 486 852 seso
505 794 692 869 recipiebant,
707 795 758 851 sed
774 795 850 852 alius
859 796 927 866 elio,
942 814 1029 871 quom
1076 790 1078 799 ’

143 892 273 949 maxime
297 891 412 947 diversi.
454 890 505 947 Ita
529 909 653 947 numero
681 890 797 965 priores,
824 892 850 947 si
875 892 914 948 sb
939 910 1031 967 perse·

144 987 261 1063 quendo
273 986 370 1043 hostes
383 987 529 1043 deterrere
539 986 739 1060 nequiverant,
748 986 882 1060 disjectos
890 988 928 1044 ab
938 993 1028 1063 tergo,

142 1089 198 1139 sut
217 1080 356 1139 lateribus
375 1081 660 1138 circumveniebant:
680 1081 725 1138 sin
746 1084 935 1156 opportunior
954 1084 1029 1160 fugoe

143 1177 233 1247 collis,
247 1196 336 1252 quom
355 1176 450 1251 campi
469 1176 643 1247 lucrantes
655 1194 724 1232 vero
741 1177 871 1234 consueti
889 1177 920 1233 N
921 1179 1029 1235 umide

143 1291 210 1328 rum
220 1274 287 1348 equi
298 1273 382 1329 focile
391 1273 470 1329 inter
477 1273 606 1347 virgulto
615 1271 751 1344 evadere3
764 1279 877 1330 nostros
889 1277 1029 1350 asperitas

143 1375 174 1424 et
186 1368 342 1424 insolentis
353 1367 410 1424 loci
422 1367 597 1425 retinebant

202 1460 254 1520 LI.
296 1461 432 1519 Ceterum
452 1461 539 1519 socies
558 1462 651 1518 totius
668 1461 779 1538 negotii
796 1461 886 1532 voris,
906 1462 1026 1536 incerta,

142 1557 226 1627 foede,
246 1563 335 1633 etque
355 1556 545 1614 miserabilis:
573 1555 732 1631 dispersis
752 1557 811 1613 suis
831 1575 897 1632 pars
918 1556 1025 1629 cedere,

141 1653 192 1710 ulii
213 1654 345 1729 insequi:
373 1670 467 1727 ncquc
489 1651 572 1727 sigua
595 1669 690 1727 nequo
715 1650 830 1709 ordines
855 1653 1026 1712 observare:

141 1747 194 1805 ubi
213 1767 357 1824 quemque
376 1746 539 1823 periculum
558 1753 681 1822 ceperat,
696 1747 738 1802 ibi
757 1748 890 1805 resistere
910 1768 943 1805 ac
962 1769 1026 1826 pro

141 1849 257 1925 pulsare
269 1867 276 1904 ε
299 1867 388 1917 arms,
402 1846 471 1918 tels,
486 1846 561 1922 equi,
576 1846 641 1919 viri,
655 1845 761 1917 hostes,
776 1846 852 1903 cives
867 1849 1024 1922 permixti:

141 1943 216 1999 nihil
236 1942 356 2001 consilio
375 1961 470 2017 neque
489 1941 612 2017 imperio
630 1941 695 2016 egi:
721 1941 780 1997 fors
800 1943 898 1998 omnis
916 1961 1025 2018 regere.

141 2039 247 2115 [teque
258 2039 385 2096 multum
394 2038 453 2095 diei
463 2042 648 2113 processerat,
656 2055 722 2094 cum
732 2037 820 2094 etiam
830 2042 896 2093 tum
903 2045 1026 2096 eventus

141 2134 173 2190 in
186 2134 297 2191 incerto
311 2139 380 2192 erat.
419 2133 563 2208 Denique,
577 2132 715 2189 omuibus
725 2132 828 2203 labore¹
836 2138 868 2190 et
878 2138 951 2190 sestu
964 2132 1026 2192 lsu·

140 2229 245 2303 guidis‚
256 2228 395 2286 Metellus
406 2229 456 2285 ubi
468 2228 549 2285 videt
558 2226 703 2284 Numidas
713 2228 809 2285 minus
819 2229 935 2300 instare,
945 2232 1025 2305 peul-

139 2322 225 2380 latim
245 2323 351 2380 milites
371 2323 403 2379 in
422 2341 516 2381 uuum
536 2322 679 2394 conducit,
701 2322 817 2379 ordines
836 2325 974 2396 restituit,
994 2334 1025 2384 et

140 2417 272 2475 cohortes
285 2417 455 2492 legionarios
468 2421 593 2493 quatuor
605 2417 757 2474 adversum
771 2417 883 2492 pedites
895 2419 1024 2478 hostium

139 2513 279 2571 collocat:
303 2533 403 2570 corum
422 2496 528 2587 magna
550 2531 617 2588 pers
639 2512 835 2588 superioribus
858 2513 928 2570 locis
950 2514 1025 2576 fessa

140 2608 314 2667 consederat
358 2607 452 2666 Simul
471 2626 563 2678 orere,
579 2607 690 2664 hortari
709 2607 825 2678 milites,
842 2612 906 2666 “ne
925 2611 1024 2670 defice—

139 2710 214 2777 rent,
235 2724 293 2761 neu
313 2709 483 2780 paterentur
502 2703 599 2759 hostes
618 2702 761 2777 fugientes
777 2702 908 2762 vincere:
930 2723 1023 2782 neque

139 2799 200 2857 illis
221 2805 315 2874 castro
338 2816 406 2870 esse,
426 2817 521 2874 neque
544 2797 758 2854 munimentum
780 2797 881 2869 ullum,
902 2819 962 2875 quo
981 2819 1024 2858 ce·

138 2895 241 2953 dentes
258 2894 430 2953 tenderent:
450 2894 481 2951 in
501 2895 592 2951 armis
610 2893 707 2951 omnia
726 2895 807 2951 εἰᾶθ’
847 2895 905 2952 Sed
919 2914 957 2953 ue
969 2896 1023 2954 Ju—

137 2988 248 3065 gurthe
273 2989 391 3064 quidem
417 2991 529 3047 intereo
554 2989 689 3065 quietus:
716 2990 876 3059 circumire,
901 2991 1020 3061 hortari,
1113 3050 1116 3055 ,

137 3104 277 3142 renovare
295 3084 436 3159 praelium,
451 3088 555 3162 etipse
569 3104 634 3141 cum
647 3085 766 3142 delectis
779 3091 892 3143 tentare
905 3087 1021 3146 omnis:

136 3180 291 3239 subvenire
314 3181 383 3251 suis,
407 3180 538 3238 hostibus
564 3180 660 3238 dubiis
685 3181 802 3250 instare,
825 3201 898 3258 quos
923 3182 1022 3241 firmos

137 3280 319 3350 cognoverat,
335 3276 449 3333 eminus
462 3278 616 3354 pugnaudo
629 3277 762 3335 retinere.
