2426 3790
332 223 557 290 sALLUerJ
580 222 606 279 J
610 220 819 280 Usuerna
982 221 1017 278 11

130 386 157 443 si
173 384 363 442 desideranda
375 389 467 455 erant,
481 383 528 440 uti
540 380 646 438 debitis
659 387 764 438 uterer.
802 378 867 450 Sed,
881 378 1020 455 quoniam

130 501 236 559 parum
258 486 326 538 tuta
344 500 397 557 per
417 500 447 538 se
468 480 530 555 ipsa
553 477 682 554 probitas
703 482 755 548 est,
777 495 870 551 neque
890 474 964 531 mihi
987 476 1018 531 in

130 597 221 635 manu
243 578 309 650 fuit,
338 576 488 652 Jugurtha
514 575 608 651 qualis
635 574 729 646 foret3
756 573 794 629 ad
818 592 870 629 vos
893 573 1017 647 confugi,

131 673 234 731 Patres
248 673 411 749 conscripti,
428 673 543 748 quibus,
562 670 638 745 quod
655 669 850 726 miserrimum
866 675 919 736 est,
934 687 1019 743 cogor

130 771 213 845 prius
232 770 321 840 oneri,
341 788 429 845 quam
447 769 515 825 usui
534 787 602 824 esse.
646 766 742 823 Ceteri
759 783 848 840 reges,
871 769 930 820 aut,
942 764 1018 821 bello

131 866 205 923 victi
224 866 256 923 in
276 865 436 922 amicitiam
457 885 475 921 a
495 864 577 921 vobis
600 863 709 938 recepti
731 868 808 933 sunt,
833 868 885 918 ant
907 862 940 918 in
959 863 1019 918 suis

131 959 229 1016 dubiis
244 961 330 1017 rebus
346 960 512 1017 societatem
525 965 652 1016 vestram
666 957 890 1033 adpetiverunt:
908 956 1019 1013 familia

131 1064 232 1114 nostra
249 1072 316 1113 cum
331 1057 439 1132 populo
452 1056 586 1113 Romano
602 1055 677 1112 bello
697 1053 929 1129 Carthaginiensi
948 1054 1018 1111 ami·

132 1152 232 1209 citiam
251 1152 401 1223 instituit3
423 1170 481 1227 qno
497 1157 628 1226 tempore
643 1150 735 1225 magis
750 1149 822 1206 fides
839 1149 909 1224 ejus,
931 1167 1019 1224 quam

131 1246 250 1303 fortuna
262 1245 387 1321 petenda
403 1251 472 1303 erat
516 1244 647 1314 Quorum
660 1246 826 1321 progeniem
838 1263 898 1316 vos,
915 1245 1019 1304 Patres

131 1342 295 1418 conscripti,
316 1343 409 1399 nolite
431 1343 494 1418 pati
520 1359 568 1398 me
593 1340 701 1398 frustra
727 1359 745 1397 a
767 1340 849 1398 vobis
874 1340 1019 1397 auxilium

97 1480 100 1485 »
131 1444 237 1513 petere
280 1438 313 1495 Si
338 1438 375 1494 ad
402 1438 618 1514 impetrandum
646 1438 722 1495 nihil
749 1456 856 1495 caussae
882 1432 1019 1496 haberem

131 1543 237 1610 praeter
255 1536 450 1592 miserandam
468 1537 615 1592 fortunam
621 1555 631 1608 3
651 1536 730 1612 quod
750 1536 848 1612 paullo
868 1541 938 1592 ante
955 1555 1017 1606 rex,

132 1650 244 1706 genere,
269 1633 355 1707 fama,
380 1637 470 1706 atque
492 1633 582 1708 copiis
605 1637 717 1709 potens,
742 1650 820 1690 nuno
843 1631 1020 1689 deformatus

132 1728 277 1797 aernmnis,
299 1727 390 1803 inops,
418 1727 526 1785 alienas
554 1748 622 1804 opes
651 1734 785 1804 exspecto
791 1747 801 1800 ;
830 1732 930 1785 tamen
956 1734 1019 1785 erat

132 1823 292 1898 majestatis
312 1822 438 1879 Romani
458 1824 566 1899 populi,
587 1824 739 1900 prohibere
758 1824 903 1900 injuriam,
923 1841 1019 1897 neque

132 1918 196 1993 pati
215 1918 385 1994 cujusquam
404 1938 526 1995 regnum
543 1939 595 1996 per
615 1921 708 1978 scelus
728 1939 861 1978 crescere.
904 1919 1018 1978 Verum

133 2031 185 2089 ego
202 2013 249 2070 his
264 2014 372 2071 finibus
389 2015 497 2091 ejectus
514 2036 588 2086 snm,
610 2017 860 2094 quosmajoribus
879 2017 951 2074 meis
969 2036 1019 2091 po-

133 2108 220 2185 pulus
233 2109 384 2167 Romanus
400 2111 481 2168 dedit
489 2131 499 2185 3
513 2114 596 2187 ,unde
612 2120 697 2189 pater
713 2120 744 2170 ot
763 2132 835 2171 avus
848 2132 908 2169 una
926 2113 1018 2169 vobis-

133 2223 200 2261 cum
220 2206 358 2281 expnlere
382 2206 541 2283 Syphacem
561 2217 591 2267 et
609 2209 867 2287 Carthaginienses
910 2210 1019 2269 Vestra

132 2303 272 2360 beneficia
289 2304 362 2361 mihi
380 2311 478 2381 erepta
497 2313 574 2378 sunt,
595 2307 699 2365 Patres
717 2308 891 2383 conscripti:
915 2318 971 2364 vos
986 2308 1017 2365 in

132 2398 241 2475 injuria
256 2419 320 2457 mea
338 2401 465 2477 despecti
479 2402 556 2458 estis.
592 2402 677 2460 Eheu
694 2423 742 2462 me
761 2403 916 2461 miserum!
938 2402 1019 2461 Huc

134 2494 205 2567 cine,
227 2495 351 2573 Micipsa
373 2502 463 2571 pater,
487 2497 626 2554 masticis
649 2517 772 2570 evasere,
795 2500 849 2571 uti,
872 2519 960 2574 quem
984 2506 1019 2557 tn

133 2613 233 2669 parem
252 2613 318 2651 cum
333 2595 432 2652 liberis
447 2595 508 2652 tuis
525 2595 664 2671 regnique
678 2595 852 2672 participem
870 2596 971 2668 fecisti,
993 2597 1019 2663 is

132 2691 314 2767 potissimum
324 2692 422 2768 stirpis
434 2698 494 2749 tuae
507 2692 652 2750 extinctor
662 2691 721 2749 siti
737 2691 937 2768 Nunquamne
951 2711 1018 2768 ergo

132 2789 242 2846 familia
269 2796 368 2847 nostra
396 2791 497 2867 quista
527 2790 602 2848 criti
633 2809 783 2866 semperne
808 2790 841 2846 in
868 2789 1016 2866 sangiune,

132 2886 214 2957 ferro,
237 2887 306 2962 fuga
328 2887 528 2946 versabimurt
560 2886 642 2943 Dum
666 2885 918 2962 Carthaginienses
941 2887 1019 2942 inco-

132 2980 224 3038 lumes
242 2983 331 3053 fuere,
346 2982 415 3059 jure
433 2983 531 3041 omnia
548 3001 625 3039 soeva
643 2982 843 3058 patiebamur:
863 2982 961 3039 hostes
980 2982 1019 3038 ab

132 3076 232 3149 latere,
253 3097 305 3136 vos
331 3079 418 3136 amici
443 3078 552 3155 procul,
575 3098 640 3154 spes
663 3079 757 3136 omnis
780 3079 813 3136 in
836 3078 924 3136 armis
945 3083 1017 3137 erat.

132 3171 291 3249 Postquam
312 3173 364 3231 illa
384 3174 474 3250 pestis
495 3174 594 3250 ejecta,
617 3174 678 3231 laeti
700 3193 801 3250 pacem
823 3173 1003 3249 agitabamus
1009 3191 1019 3245 ;

132 3267 239 3343 quippe
258 3269 340 3344 queis
357 3270 449 3328 hostis
464 3270 570 3342 nullus,
585 3271 643 3327 nisi
659 3272 733 3328 forte
748 3289 836 3346 quem
852 3289 904 3326 vos
917 3269 1018 3345 jussis-

133 3364 208 3427 seta
251 3364 325 3424 Ecce
335 3372 434 3425 autem
444 3386 482 3424 ex
491 3366 655 3443 improvise,
667 3366 689 3424 J
692 3366 825 3444 ugurtha,
837 3365 1018 3424 intoleranda
