2426 3786
212 233 217 241 ⁴
342 262 564 324 rainonem
583 258 790 324 onerarat.
974 262 1014 321 43

125 411 252 490 inenltu,
275 413 413 492 tenebris,
441 419 536 491 odore,
563 419 641 477 foeda
666 420 756 494 atque
783 414 924 474 terribilis
949 413 1013 490 ojua

125 514 214 573 faeiee
226 519 280 572 eet.
321 514 360 572 In
374 534 440 572 eum
453 514 549 572 locum
569 519 722 589 postquam
742 511 882 571 demissus
901 511 1013 571 Lentu-

126 607 183 681 lur,
190 609 323 667 vindicer
335 626 434 666 rerum
447 608 616 686 capitalium
629 609 736 685 quibus
748 614 925 684 praereptum
938 614 1010 681 erat,

126 700 232 779 laqueo
244 704 342 780 gulam
355 705 478 781 fregere.
517 704 568 761 Ita
579 703 630 761 ille
642 704 789 780 patricius,
803 722 842 760 ex
854 703 1012 761 clarissima

126 805 217 875 gente
237 799 446 871 Corneliorum,
473 799 527 876 qui
552 800 701 857 ooneulare
726 799 882 875 imperium
908 798 1011 858 Remea

125 894 278 967 habuerat,
299 895 421 970 dignum
440 895 570 953 moribus
589 895 730 971 laetisque
742 897 803 953 euin
815 895 929 953 exitum
941 896 1011 954 vite

125 989 252 1048 invenit.
305 990 353 1048 De
379 989 516 1065 Cethego,
551 989 677 1063 Statilio,
712 990 846 1065 Gabinio,
871 988 1008 1066 Goepurio,

125 1084 228 1142 eodem
240 1084 326 1142 modo
339 1085 514 1162 aupplioium
525 1091 682 1162 sumptum

186 1181 270 1239 LVL
312 1180 393 1241 Dum
406 1200 441 1239 ea
453 1181 555 1241 Romae
575 1188 726 1259 geruntur,
741 1182 868 1240 Catilina
880 1201 919 1240 ex
930 1181 1011 1239 omni

125 1275 216 1352 eopia,
230 1295 319 1353 quam
339 1282 372 1334 et
388 1278 452 1352 ipre
467 1277 636 1351 adduxerat,
657 1285 689 1336 et
707 1278 839 1336 Manlius
858 1279 1009 1351 habuerat,

125 1371 198 1428 duur
210 1371 339 1447 legiones
353 1372 504 1446 instituit,
525 1373 665 1446 cohortes,
679 1393 732 1450 pro
745 1393 868 1433 numero
880 1373 1010 1433 militum

125 1467 269 1543 complet:
290 1467 403 1540 deinde,
417 1469 588 1546 utquisque
601 1469 791 1541 voluntarius,
805 1475 859 1526 aut
874 1487 912 1527 ex
925 1468 1011 1526 eooiie

124 1561 157 1619 in
166 1568 260 1621 enema
274 1571 402 1637 venerat,
413 1564 566 1640 equaliter
576 1564 780 1637 distribuerat,
801 1583 835 1622 ao
848 1563 933 1622 brevi
945 1560 1009 1639 epa«

124 1658 168 1715 tio
187 1657 315 1734 legiones
332 1678 455 1717 numero
474 1660 627 1718 hominum
646 1660 822 1736 expleverat,
843 1679 910 1716 oum
921 1659 1009 1718 initio

123 1770 186 1812 uon
204 1755 330 1831 amphus
342 1756 454 1813 duobus
467 1755 597 1812 millibus
609 1755 764 1814 habuisset.
806 1753 864 1812 Sed
876 1774 915 1812 ex
928 1754 1008 1813 omni

124 1854 209 1929 eopia
228 1853 344 1912 oiroiter
369 1872 436 1929 pare
455 1861 561 1930 quarta
580 1859 644 1912 eret
663 1853 839 1911 militaribus
858 1854 949 1911 armis
965 1854 1009 1911 ina

124 1955 236 2007 structa
245 1968 255 2022 3
279 1950 379 2021 eeteri,
398 1956 434 2006 ut
452 1968 597 2026 quemque
616 1969 698 2007 easue
717 1955 889 2021 armaverat,
907 1968 1009 2024 eparon

123 2051 176 2102 aut
188 2046 311 2117 lanceae,
322 2045 374 2102 alii
384 2051 544 2122 praeacutae
553 2045 647 2117 eudes,
657 2046 820 2122 portabant.
832 2100 836 2107 ,
856 2043 921 2116 Sed,
932 2050 1008 2121 post-

123 2160 212 2216 quam
225 2141 378 2198 Antonius
390 2161 457 2200 oum
469 2141 600 2199 exercitu
616 2141 800 2212 adventabat,
816 2137 942 2197 Catilina
955 2157 1009 2215 pet·

123 2241 237 2295 monton
249 2237 307 2295 iter
322 2237 423 2309 faeere,
444 2236 483 2294 ad
502 2237 604 2294 urbem
623 2237 716 2308 modo,
738 2235 824 2293 modo
836 2235 868 2292 in
881 2233 1007 2294 Galliam

123 2350 230 2404 versun,
252 2338 348 2391 eontra
366 2351 500 2405 movere3
520 2331 654 2389 hostibus
669 2331 844 2389 oemionem
857 2331 1007 2406 pugnandi

123 2446 182 2484 non
202 2427 292 2500 ‹lare3
317 2427 453 2502 operabat
471 2445 560 2502 prope
580 2427 658 2483 diem
684 2443 804 2500 magnae
825 2424 923 2501 copiae
944 2443 1008 2484 eene

122 2503 446 2595 morem,an
456 2522 528 2580 soen
539 2521 866 2598 inapupauavissent.
887 2523 1009 2581 Interea

122 2619 242 2676 servitia
261 2616 439 2692 repudiabat,
460 2618 543 2693 eujus
561 2618 649 2676 initio
662 2617 699 2674 ad
712 2636 779 2677 eum
791 2637 905 2694 magnae
917 2619 1006 2699 eopiae

122 2713 341 2784 concurrebant,
360 2713 463 2788 opibue
475 2713 682 2788 oonjurationie
699 2713 791 2773 fretur
800 2733 810 2787 3
830 2713 918 2772 eimul
937 2715 1007 2773 alie-

121 2826 193 2866 num
204 2809 267 2867 auia
280 2808 443 2867 rationibus
455 2810 634 2882 existimare,
648 2811 743 2869 rideri
755 2830 883 2870 tauream
896 2811 1006 2870 civium

121 2923 188 2962 oum
202 2906 294 2962 nervia
305 2905 438 2980 fugitivis
450 2906 714 2967 communicatione.

178 2998 283 3057 LVIL
322 2998 388 3071 Sed,
402 3005 558 3077 postquam
570 3001 603 3059 in
616 3008 711 3059 eastra
723 3001 849 3060 nunoiue
860 3001 1004 3080 pervenit,

121 3095 225 3154 Romae
238 3096 467 3172 eonjurationem
476 3097 661 3173 patestatem,
673 3099 710 3156 de
719 3098 853 3170 Lentulo,
865 3097 1003 3174 Cethego,

121 3195 233 3268 oeterie,
247 3214 329 3273 ¹quoe
347 3213 435 3272 sopra
453 3195 620 3267 memoravi,
640 3195 814 3271 supplicium
837 3198 1005 3268 sumptum:

121 3289 261 3367 plerique,
271 3308 345 3368 quoe
358 3292 396 3349 ed
408 3291 517 3349 bellum
530 3310 595 3367 epea
606 3291 782 3367 rapinarum,
796 3294 849 3346 aut
861 3307 1009 3346 novarum·

121 3404 219 3444 rerum
231 3386 362 3445 etodium
374 3387 515 3461 illexerat,
531 3387 722 3460 dilabuntur;
741 3384 867 3460 reliquos
876 3381 1009 3443 Catilina·
