2426 3790
348 272 573 332 SALLUSTII
587 216 832 339 sosoma
991 273 1029 332 57

135 424 262 480 rabesse:
290 420 390 479 decere
416 420 481 477 illos
507 421 653 497 reliquum
679 421 809 479 laborem
829 441 912 498 seqno
931 423 1029 481 animo

144 520 214 594 peti,
244 519 315 576 dum
342 537 395 593 pro
419 518 531 575 oivibus
557 518 626 587 suis,
654 518 727 575 viris
752 518 918 576 fortissimis
940 524 1029 595 atque

145 613 323 685 miserrimis,
352 632 450 688 pesnas
478 619 613 689 caperent
623 612 648 685 ;'’
676 620 816 688 praterea
834 613 962 689 praedem
982 615 1029 672 be-

144 711 233 787 nigne
247 715 382 767 ostesstst
425 709 473 766 sie
486 709 592 767 animis
605 728 705 766 eorum
719 711 848 784 arrectis,
870 709 983 786 equites
994 711 1028 768 in

142 808 238 882 primo
250 805 317 877 late,
337 804 449 880 pedites
468 823 557 880 quam
569 805 730 863 arctissime
741 806 784 864 ire
798 814 829 864 et
841 806 924 882 signa
936 806 1028 864 oeeul-

137 913 214 974 ,tare,
225 904 320 979 jubet.

202 999 320 1056 LX1X.
361 999 510 1074 Vagenses
530 997 582 1055 ubi
600 997 731 1054 animum
754 996 913 1069 advertere,
934 997 972 1055 ad
992 1016 1023 1055 se

106 1162 108 1166 ,
142 1115 258 1153 versum
278 1097 440 1153 exereitum
460 1114 585 1171 pergere,
606 1095 709 1169 primo,
731 1093 777 1149 uti
803 1101 865 1150 erat
888 1113 942 1165 res,
964 1094 1027 1151 Mo

142 1191 246 1248 tellum
265 1192 332 1263 rati,
353 1199 451 1268 portus
471 1192 597 1249 elausere
603 1211 612 1263 3
631 1191 743 1262 deinde,
757 1191 808 1247 ubi
828 1208 923 1266 neque
943 1210 1028 1273 egros,

141 1288 259 1359 vastari,
286 1294 317 1345 et
341 1307 396 1358 eos,
419 1288 471 1363 qui
490 1288 577 1363 primi
596 1287 726 1356 aderant,
747 1286 892 1343 Numidas
912 1288 1027 1363 equites

142 1385 254 1456 vident,
286 1404 403 1442 rursum
435 1385 615 1459 Jugurtham
648 1384 792 1449 arbitrati,
819 1401 886 1440 eum
919 1403 1023 1459 magno

140 1481 246 1555 gaudio
266 1480 345 1537 obvii
364 1481 530 1556 procedunt,
572 1480 695 1556 Equites
714 1470 889 1554 peditesque,
905 1486 1023 1554 repente

139 1576 222 1652 signo
235 1577 311 1648 dato,
327 1577 378 1633 elii
390 1577 511 1652 vulgum
524 1575 647 1633 effusum
657 1575 763 1650 oppido
776 1574 900 1645 eredere,
921 1571 972 1629 elii
985 1572 1023 1630 ad

140 1679 238 1748 portas
257 1673 393 1730 festinare
400 1692 409 1744 ;
431 1691 498 1748 pars
509 1680 605 1729 turres
618 1691 733 1747 capere:
753 1673 799 1729 ira
814 1676 902 1746 atque
920 1670 1022 1747 praedae

140 1787 204 1845 spes
223 1769 354 1845 amplius,
377 1787 464 1845 quam
488 1768 634 1838 lassitudo,
660 1786 749 1843 posse.
801 1768 850 1825 Ita
873 1767 1022 1844 Vagenses

140 1867 261 1925 biduum
288 1866 373 1922 modo
399 1884 436 1921 ex
463 1865 584 1941 perfidia
602 1864 710 1921 laetati:
738 1865 841 1921 civitas
864 1883 969 1940 magna
992 1872 1022 1923 et

139 1963 260 2038 opulens
286 1982 376 2039 poenae
403 1971 516 2034 cuneta,
540 1970 593 2019 sut
615 1962 727 2039 prades,
754 1962 822 2020 fuit.
863 1962 1020 2038 Turpilius,

139 2081 233 2137 quem,
249 2062 416 2137 praefeetum
437 2058 544 2136 oppidi,
557 2079 650 2116 unum
664 2078 702 2115 ex
715 2060 849 2116 omnibus
863 2062 1021 2136 profugisse

139 2175 227 2232 supra
252 2156 439 2226 ostendimus,
457 2156 556 2230 jussus
578 2174 597 2212 a
619 2154 740 2212 Metello
761 2174 890 2214 caussam
916 2156 1017 2225 dicere,

138 2264 291 2327 postquem
304 2271 365 2309 sese
377 2270 480 2328 perum
500 2257 650 2327 expurgat,
665 2252 871 2309 condemnatus
891 2252 1018 2309 verbera·

139 2355 252 2422 tueque,
262 2348 356 2423 eapite
369 2365 468 2424 poenas
481 2347 582 2405 solvit:
603 2367 671 2404 nam
684 2348 710 2405 is
723 2348 794 2405 civis
808 2368 845 2404 ex
854 2348 940 2406 Latio
947 2354 1016 2406 erat

197 2444 296 2504 LXX.
338 2444 396 2502 Per
408 2445 485 2501 idem
497 2450 613 2519 tempus
626 2444 778 2514 Bomilcar,
793 2444 875 2518 eujus
891 2443 1018 2520 impulsu

105 2615 111 2621 ξ
138 2540 160 2598 J
160 2540 287 2616 ugurtha
299 2540 485 2611 deditionem,
507 2558 595 2615 quam
612 2546 693 2596 metu
711 2539 845 2611 deseruit,
861 2540 1016 2616 inceperat,

138 2640 286 2711 suspectus
299 2636 369 2711 regi,
379 2641 410 2692 et
418 2636 553 2711 ipseeum
567 2636 732 2710 suspiciens,
743 2654 833 2692 novas
843 2655 888 2693 res
898 2654 1002 2712 supere
1008 2656 1017 2708 3

137 2731 175 2788 ad
186 2731 344 2807 perniciem
364 2732 425 2807 ejus
445 2730 544 2788 dolum
562 2749 689 2806 quaerere
694 2751 704 2803 3
725 2731 777 2787 diu
791 2737 936 2808 noctuque
953 2730 1018 2788 fati·

138 2847 205 2904 gare
226 2829 374 2886 animum:
398 2829 531 2903 denique,
544 2829 641 2884 omnia
662 2828 809 2900 tentando,
832 2829 942 2887 socium
961 2828 1017 2885 sibi

137 2924 270 3000 adjungit
293 2924 479 2994 Nabdalsam,
503 2924 650 2981 hominem
669 2923 804 2995 nobilem,
826 2923 939 2999 magnis
958 2922 1017 2998 opi-

137 3020 198 3091 bus,
219 3039 319 3078 oerum
344 3026 550 3095 acceptumque
573 3019 759 3095 popularibus
783 3021 842 3077 suis
849 3040 858 3091 3
889 3018 941 3095 qui
959 3019 1017 3095 ple·

138 3135 259 3192 rumque
273 3134 401 3173 seorsum
414 3117 451 3172 ab
464 3133 531 3191 rege
548 3115 707 3172 exereitum
727 3116 854 3186 duotore,
870 3121 900 3172 et
917 3132 1016 3172 omnes

137 3228 183 3271 res
208 3210 329 3286 exsequi
355 3210 456 3266 solitus
483 3215 554 3278 erat,
582 3228 645 3284 quae
676 3208 832 3286 Jugurthae
858 3210 941 3278 fesso,
964 3216 1017 3266 aut

135 3306 294 3384 majoribus
313 3305 461 3376 adstricto,
482 3311 706 3380 superaverant:
727 3324 764 3361 ex
784 3323 842 3380 quo
861 3303 907 3363 illi
925 3304 1017 3380 gloria

137 3420 260 3480 opesque
273 3402 408 3460 inventas.
460 3401 557 3477 Igitur
579 3402 731 3476 utriusque
754 3401 873 3458 consilio
894 3402 955 3459 dies
975 3405 1017 3459 in·
