2426 3786
155 238 197 298 38¹
371 236 595 298 SALLUSTII
612 232 819 299 OATILINA.

154 389 259 460 evenit,
281 387 390 445 frustra
405 385 518 464 judicia
535 385 687 462 implores3
706 390 793 461 capta
812 383 893 452 urbe,
912 382 988 444 nihil
1002 386 1039 445 fit

87 550 90 555 Q
152 484 259 559 reliqui
272 484 365 541 vietis.
408 482 474 555 Sed,
488 500 542 559 per
553 483 623 540 deos
639 481 837 541 immortales!
859 501 910 541 roa
924 501 976 559 ego
988 474 1037 543 sd-v

152 576 237 654 pelle,
255 578 310 655 qui
327 596 442 655 semper
454 576 563 650 domos,
575 577 671 650 villas,
690 577 782 654 signa,
799 577 913 636 tabulas
927 587 1037 637 vestras

152 674 253 751 pluris,
273 693 362 752 quam
380 674 590 751 rempublicam
608 675 732 733 fecistis:
751 673 777 733 si
795 673 862 741 ista,
877 673 1037 749 cujuscum-

151 790 209 846 que
220 770 302 828 medi
314 775 392 842 sunt,
407 789 472 846 qua
483 769 701 847 amplexamini,
719 769 854 840 retinere,
869 769 1036 846 rivolupta·

151 866 232 924 tibus
244 867 350 923 restris
362 867 456 924 otium
469 868 598 943 praebere
610 865 718 938 vultis3
739 864 974 941 expergiscimini
985 867 1034 924 eli-

151 961 276 1038 quando,
297 968 329 1020 et
347 962 487 1038 capessite
509 962 727 1038 rempublicam
779 960 850 1018 Non
875 959 973 1036 agitur
997 961 1035 1018 de

149 1056 350 1132 vectigalibus,
371 1076 466 1134 neque
485 1057 522 1115 de
541 1057 684 1115 sociorum
702 1055 833 1131 injuriis:
865 1055 985 1113 libertas
1004 1061 1036 1115 et

149 1153 248 1211 anima
261 1160 361 1212 nestra
374 1155 407 1212 in
419 1154 510 1213 dubio
522 1160 575 1215 est,
625 1153 838 1230 Smpenumeru
854 1152 957 1211 Patres
969 1171 1035 1211 eon·

149 1249 258 1326 scripti,
280 1249 375 1308 multa
387 1251 478 1308 verba
493 1251 527 1308 in
539 1249 595 1308 hee
611 1250 713 1307 ordine
725 1248 796 1321 feei3
816 1267 892 1325 saepe
901 1248 938 1306 de
950 1248 1035 1306 luxu-

149 1346 194 1405 ria
205 1351 295 1422 atque
308 1346 433 1404 avaritia
444 1353 613 1405 nostrorum
622 1345 733 1403 civium
741 1349 861 1421 questus
874 1362 947 1415 snm,
961 1342 1034 1400 mul·

57 1468 58 1471 ¹
148 1449 251 1517 tneque
268 1441 406 1499 mortales
425 1460 460 1499 ea
478 1459 579 1498 caussa
597 1441 732 1498 adversos
751 1439 859 1512 habe03
885 1439 938 1514 qui
960 1437 1034 1496 mibi

126 1594 131 1601 ,
149 1541 238 1614 atque
250 1537 350 1595 animo
362 1555 428 1593 meo
437 1535 548 1593 nullius
560 1555 692 1611 unquam
704 1534 805 1593 delicti
816 1533 941 1611 gratiam
954 1534 1034 1592 fecis·

147 1651 217 1703 sem,
237 1631 318 1689 baud
336 1632 421 1689 belle
441 1630 562 1689 alterius
579 1630 706 1691 lubidini
726 1629 880 1687 malefacta
892 1629 1034 1687 condona·

130 1728 222 1791 „bam
280 1725 345 1797 Sed,
366 1745 401 1784 ea
420 1726 538 1784 tametsi
561 1746 613 1785 roe
632 1726 717 1803 parvi
735 1726 913 1803 pendebatis,
933 1731 1033 1785 tamen

146 1820 310 1899 respublica
328 1822 413 1880 firma
432 1828 511 1895 erat;
532 1822 683 1898 opulentia
701 1820 908 1898 negligentiam
928 1820 1032 1883 tolera·

148 1918 207 1975 bat
260 1917 352 1977 Nune
377 1936 448 1975 vero
473 1936 534 1974 non
553 1917 585 1975 id
611 1916 718 1994 agitur,
739 1918 860 1975 bonisne
883 1935 923 1974 an
948 1916 1032 1977 malis

146 2228 162 2267 e
282 2196 662 2280 mumuuenrmnresrffi'
671 2190 709 2264 an
722 2207 873 2264 nobiseum
886 2227 953 2279 una,
967 2208 1032 2266 hoa-

145 2304 221 2363 tium
233 2305 334 2362 futura
347 2304 415 2362 sint.
457 2281 518 2359 filo
527 2302 602 2360 mihi
611 2302 765 2378 quisquam
777 2301 1032 2362 mansuetudinem

145 2404 176 2457 et
194 2397 421 2457 misericerdiam
440 2399 589 2471 nominat3
608 2398 671 2473 jam
690 2396 804 2473 pridem
823 2396 958 2473 equidem
977 2416 1031 2456 nea

146 2513 215 2552 vera
225 2512 325 2553 rernm
337 2493 478 2551 voeabula
495 2493 662 2564 amisimus3
688 2492 760 2568 quia
776 2492 853 2549 bona
868 2491 964 2549 aliena
976 2491 1032 2548 lar·

144 2589 209 2665 giri,
232 2587 409 2661 liberalitem
443 2588 587 2645 malarum
607 2605 706 2644 rerum
729 2584 858 2657 audacia,
886 2586 1029 2644 fortitudo

144 2688 279 2743 vocatur:
298 2703 333 2741 eo
345 2683 509 2760 respublica
520 2683 553 2739 in
566 2688 698 2740 extremo
708 2681 765 2738 sita
776 2687 829 2739 est
871 2680 938 2739 Sint
950 2699 1029 2752 sane,

145 2779 285 2856 quoniam
304 2782 348 2838 ita
365 2800 398 2839 ae
418 2799 513 2838 mores
538 2780 655 2851 babent,
675 2779 809 2836 liberales
829 2797 868 2837 ex
886 2778 1031 2838 sociorum

143 2875 277 2949 fortunia,
302 2878 363 2933 sint
383 2875 584 2934 misericordes
606 2875 774 2933 inferibus
793 2874 898 2940 erarii,
921 2892 960 2931 ne
984 2874 1030 2934 illi

144 2973 313 3050 sanguinem
321 2979 455 3030 nostrum
464 2971 637 3049 largiantur,
647 2979 686 3045 et,
698 2971 769 3031 dum
776 2971 875 3048 paucis
882 2956 1031 3031 sceleratis

144 3073 275 3141 perluunt,
292 3067 382 3125 bonos
400 3085 501 3125 omnes
515 3067 664 3143 perditum
680 3070 756 3125 eant.
798 3064 880 3123 Bene
901 3072 932 3124 et
954 3084 1029 3125 eom·

144 3162 236 3236 posite
254 3162 287 3220 0.
307 3161 402 3220 Ooeaar
421 3161 521 3238 paullo
535 3167 605 3220 ante
620 3162 654 3219 in
671 3161 727 3220 boc
746 3160 848 3218 ordine
865 3160 902 3220 de
919 3159 984 3219 rita
998 3167 1029 3219 et

144 3260 237 3313 morte
250 3256 394 3330 disseruit,
407 3258 503 3330 eredo,
517 3257 590 3315 falsa
602 3257 782 3328 existimans,
799 3274 865 3333 quae
878 3256 915 3313 de
926 3254 1027 3313 inieris

142 3356 356 3426 memorantem
374 3354 488 3413 diverse
503 3353 610 3412 itinere
625 3351 717 3410 malos
729 3371 748 3409 a
760 3352 844 3413 bonis
861 3351 922 3411 loca
939 3354 1024 3420 tetre,
