2426 3790
345 260 568 324 Sacarum
590 263 617 318 J
620 262 829 327 UGURTHA,
991 264 1030 322 35

145 415 354 493 impedimenta
367 417 516 491 parabant.
558 417 615 474 Sed
628 418 734 494 plebes,
744 416 911 475 incredibile
923 436 1028 476 memo·

145 517 212 568 ratu
222 521 275 579 est,
285 529 373 586 quam
386 513 502 568 intenta
514 512 612 582 fuerit,
627 519 793 588 quantaque
809 514 837 569 vi
851 513 1030 587 rogationem

141 607 268 681 jusserit,
298 605 465 677 decreverit,
490 607 635 679 voluerit;
662 609 754 684 magis
773 608 841 665 odio
859 608 1028 676 nobilitatis,
1070 654 1081 659 -

77 749 79 753 ,
145 701 194 760 cui
207 702 283 759 mala
296 702 347 758 illa
361 703 545 777 parabantur,
556 723 644 780 quam
658 723 727 761 cura
745 705 925 781 reipublicae:
945 713 1034 764 tanta

144 796 244 854 lubido
258 797 291 853 in
304 798 436 872 partibus
448 805 518 855 erat.
550 799 655 874 Igitur,
671 803 773 858 ceteris
788 810 867 860 metu
881 804 1028 878 perculsis,

145 891 188 948 M„
209 891 343 960 Scaurus,
358 912 443 967 quem
461 894 590 969 legatum
610 895 716 953 Bestia
732 898 820 955 fuisse
833 918 921 975 supra
933 899 1029 956 docui-

145 1006 219 1058 mus,
241 988 320 1045 inter
334 988 469 1045 laetitiam
490 990 590 1065 plebis,
607 998 637 1048 et
654 1012 769 1050 suorum
790 994 895 1069 lugam,
917 996 1030 1072 trepida

145 1085 235 1142 etiam
255 1091 320 1142 turn
340 1088 467 1159 civitate,
497 1108 563 1146 cum
592 1109 630 1146 ex
650 1089 784 1147 Mamilia
804 1093 951 1166 rogatione
970 1099 1030 1150 trae

145 1181 312 1257 quesitores
329 1193 508 1257 rogarentur,
528 1183 670 1253 effecerat,
685 1186 728 1241 uti
742 1185 848 1261 ipsein
863 1205 897 1242 eo
909 1205 1030 1244 numero

146 1283 297 1335 crearetur.
341 1277 396 1335 Sed
417 1280 538 1354 quaestio
556 1281 683 1338 exercita
705 1300 804 1357 aspere
822 1282 1028 1360 violenterque,

145 1391 184 1429 ex
202 1391 326 1444 rumore,
347 1379 377 1430 et
395 1373 527 1432 lubidine
546 1376 658 1451 plebis:
687 1385 723 1434 ut
742 1397 818 1453 saepe
838 1376 1029 1446 nobilitatem,

145 1470 234 1526 sicea
246 1475 418 1545 tempestate
436 1471 551 1547 plebem
568 1492 606 1530 ex
624 1474 756 1531 secundis
774 1477 859 1533 rebus
876 1475 1031 1534 insolentia

142 1573 268 1642 ceperat.
585 1638 588 1651 .

203 1662 291 1723 XLI.
332 1648 468 1721 Ceterum
482 1684 545 1722 mos
557 1665 684 1740 partium
695 1667 879 1742 popularium
893 1672 924 1727 e't
937 1669 1031 1726 senati

145 1763 312 1834 tactionum,
333 1782 366 1819 ac
379 1763 483 1820 deinde
502 1765 632 1820 omnium
646 1766 787 1821 malarum
801 1765 918 1838 artium,
933 1765 1031 1843 paucis

145 1865 214 1914 anta
231 1859 316 1914 aunis
333 1856 433 1914 Romae
450 1864 531 1914 ortus
551 1865 602 1929 est,
619 1860 679 1916 otio
692 1865 723 1916 et
736 1860 915 1917 abundantia
932 1879 1031 1917 earum

145 1973 251 2024 rerum,
273 1973 337 2029 quae
356 1955 449 2028 prima
467 1956 603 2012 mortales
620 1957 739 2016 ducunt
782 1957 869 2023 Nam,
883 1963 952 2015 ante
963 1957 1032 2015 Oar·
1100 2021 1104 2027 .

145 2049 294 2124 tbaginem
313 2048 445 2120 deletam,
466 2050 591 2125 populus
611 2055 641 2107 et
661 2058 780 2108 senatus
804 2051 954 2109 Romanus
973 2051 1032 2127 pla·
1082 2056 1087 2064 '

146 2146 211 2202 cide
237 2146 422 2221 modesteque
451 2146 531 2202 inter
558 2166 588 2203 se
618 2147 827 2222 rempublicam
847 2147 1032 2211 tractabant:

146 2260 241 2316 neque
254 2242 359 2317 gloriae,
373 2261 468 2316 neque
483 2243 688 2300 dominationis
706 2251 851 2300 certamen
865 2244 944 2302 inter
956 2245 1032 2302 cives

146 2342 229 2394 erat:
250 2344 344 2394 metus
361 2337 476 2394 hostilis
491 2340 522 2393 in
537 2339 620 2396 bonis
639 2340 752 2395 artibus
765 2340 914 2396 civitatem
926 2340 1032 2397 retine-

146 2434 207 2490 bat.
248 2432 313 2505 Sed,
334 2434 387 2490 ubi
403 2434 455 2491 illa
476 2433 600 2491 formido
619 2436 766 2492 mentibus
780 2435 910 2506 decessit,
925 2435 1033 2494 scilicet

146 2547 188 2599 ea,
208 2547 274 2604 quae
293 2530 424 2586 secundae
444 2549 490 2587 res
509 2537 617 2598 amant,
643 2531 762 2587 lascivia
781 2536 869 2606 atque
888 2532 1030 2606 superbia,

146 2625 295 2683 incessere.
337 2625 393 2696 Ita,
423 2625 502 2700 quod
531 2627 563 2682 in
589 2627 717 2684 adversis
742 2627 827 2683 rebus
851 2633 1031 2703 optaverant,

146 2722 248 2794 otium,
281 2728 434 2797 postquam
462 2723 562 2798 adepti
589 2728 667 2793 sunt,
697 2723 826 2798 asperius
845 2724 1033 2798 acerbiusque

146 2817 210 2875 fuit.
253 2817 388 2892 Namque
408 2837 526 2893 coepere,
547 2819 684 2875 nobilitas
703 2819 884 2893 dignitatem,
909 2820 1034 2895 populus

145 2912 321 2983 libertatem,
337 2915 366 2970 iu
382 2914 542 2971 lubidinem
556 2922 689 2972 vertere:
711 2915 768 2972 sibi
781 2915 903 2990 quisque
920 2916 1031 2987 ducere,

146 3008 270 3080 trahere,
291 3028 400 3086 rapere.
444 3010 494 3067 Ita
514 3012 612 3067 omnia
633 3011 666 3067 in
689 3010 761 3068 duas
780 3018 875 3086 partes
891 3011 1035 3067 abstracta

146 3112 234 3179 sunt;
256 3098 425 3181 respublica,
440 3123 505 3180 quae
518 3105 614 3161 media
628 3106 731 3176 fuerat,
747 3107 910 3163 dilacerata
953 3104 1035 3162 Oete·

147 3222 212 3259 rum
243 3202 381 3258 nobilitas
411 3201 536 3258 factione
565 3202 657 3276 magis
684 3203 829 3277 pollebat:
859 3200 952 3277 plebis
980 3200 1032 3272 vis,

147 3300 243 3357 soluta
264 3305 352 3375 atque
369 3299 504 3374 dispersa,
525 3299 558 3355 in
578 3300 767 3356 multitudine
785 3301 882 3355 minus
901 3304 1033 3373 poterat:

147 3415 307 3472 paucorum
333 3396 454 3453 arbitrio
481 3396 550 3452 belli
577 3396 713 3471 domique
733 3395 921 3470 agitabatur:
946 3410 1035 3469 penes

878 3505 954 3564 3-a
