2426 3786
346 260 579 323 ,cantuum
602 260 808 323 carlum.
990 264 1027 326 13

141 410 252 483 fouisse,
266 409 318 469 sed
330 382 541 487 imperiasreva
554 409 648 468 multa
660 417 748 469 antea
767 429 922 486 perpessos.
965 409 1029 469 Nos

143 526 208 565 eam
227 525 290 564 rem
308 504 343 563 in
361 506 457 563 medio
477 506 681 583 relinquemus.
723 505 771 564 De
791 507 941 583 superiore
964 525 1029 564 oon·

132 602 289 679 juratione
301 602 373 660 satis
386 600 507 660 dictum.

132 760 133 765 ,
202 697 278 759 XX
320 697 449 755 Catilina
467 697 520 754 ubi
540 716 596 766 eos,
617 715 689 773 quos
715 697 815 773 paullo
835 702 905 756 ante
921 716 1028 758 memo·

142 794 215 867 ravi,
236 795 405 861 convenisse
430 795 513 852 videt
523 813 532 866 3
558 795 677 853 tametsi
699 814 766 852 cum
788 794 912 871 singulis
934 795 1029 853 multa

116 904 119 911 “
142 911 218 968 saepe
244 895 350 967 egerat,
377 897 476 948 tamen
503 891 535 948 iu
561 910 624 948 ram
649 891 712 948 fore
734 890 853 949 credens
878 891 1029 955 universos

142 987 288 1064 adpellare
308 995 339 1044 et
358 987 513 1057 cohortari,
533 987 566 1043 in
584 987 717 1043 abditam
733 993 846 1062 partem
862 987 970 1044 aedium
987 1005 1029 1051 se·

142 1085 240 1143 cedit:
259 1089 349 1160 atque
368 1084 418 1156 ibi,
433 1083 699 1171 omuibus'arbitris
712 1083 814 1158 procul
832 1083 946 1154 amotis,
967 1102 1028 1140 ora-

143 1182 254 1238 tionem
279 1180 478 1255 hujuscemodi
503 1179 618 1241 habuit.
676 1178 750 1234 “Ni
775 1179 872 1237 virtus
897 1178 1027 1257 fidesque

142 1280 240 1332 vestra
265 1280 395 1350 spectata
417 1275 492 1332 mibi
517 1276 622 1348 forent,
644 1273 843 1350 nequidquam
865 1282 1029 1350 opportuna

141 1391 188 1429 res
214 1372 382 1444 cecidissst3
409 1390 474 1448 spes
500 1390 613 1447 magua,
642 1369 811 1440 dominatio,
838 1370 871 1426 in
893 1371 1028 1428 manibus

141 1468 251 1526 frustm
276 1467 419 1527 fuissent:
445 1485 541 1543 neque
560 1485 614 1542 ego
633 1485 686 1542 per
704 1464 861 1542 ignaviam,
880 1470 933 1523 aut
952 1484 1028 1522 vana

141 1564 266 1639 ingenia,
281 1563 393 1621 incerta
405 1582 459 1638 pro
472 1564 559 1619 certis
571 1568 725 1637 captarem.
762 1559 822 1617 Sed
839 1559 909 1635 quia
925 1559 1028 1617 multis

141 1667 172 1719 et
191 1663 305 1738 magnis
324 1660 549 1737 tempestatibus
567 1677 620 1716 vos
640 1656 762 1733 cognovi
781 1656 871 1713 fortes
897 1655 1027 1731 fidosque

140 1757 223 1829 mibi,
237 1778 271 1815 eo
284 1758 399 1815 animus
411 1774 499 1813 ausus
518 1760 563 1812 est
581 1754 743 1810 maximum
762 1759 851 1826 atque
870 1750 1028 1827 pulcherri-

140 1871 223 1910 mum
242 1853 354 1910 facinus
373 1850 500 1927 incipere
510 1870 519 1923 3
540 1849 635 1920 simul,
654 1847 724 1923 quia
736 1847 819 1903 vobis
835 1848 943 1919 eadem,
962 1866 1027 1923 quae

140 1947 223 2019 mihi,
238 1948 314 2004 bona
332 1947 466 2023 molaque
485 1947 638 2014 intellexi3
659 1966 729 2003 nam
748 1947 827 2004 idem
844 1947 919 2004 velle
938 1954 1026 2023 atque

139 2044 220 2103 idem
238 2044 324 2113 nolle,
345 2063 380 2100 ea
400 2043 517 2100 demum
540 2044 625 2099 firma
644 2044 774 2101 amicitia
793 2049 844 2103 est
886 2043 952 2114 Sed,
974 2063 1027 2118 ego

140 2158 206 2216 qum
225 2144 324 2196 mente
344 2136 460 2213 cogitavi,
476 2156 575 2194 omnes
589 2138 653 2213 jam
672 2144 760 2195 antea
772 2138 880 2195 diversi
894 2138 1023 2198 audistis.

141 2235 280 2294 Ceterum
302 2235 376 2292 mihi
394 2235 428 2292 in
446 2235 508 2297 dies
527 2235 619 2311 magis
636 2236 752 2293 animus
765 2232 940 2307 accenditur,
959 2255 1026 2295 cum

131 2332 297 2402 considero,
322 2349 386 2405 quae
411 2331 541 2387 conditio
560 2333 629 2388 vitae
650 2332 750 2391 futura
769 2333 814 2403 sit,
836 2333 893 2391 uisi
912 2340 1026 2391 nosmet

137 2429 196 2505 ipsi
219 2429 400 2486 vindicamus
421 2429 453 2485 iu
475 2428 649 2491 libertatem,
690 2429 777 2500 Nam,
797 2435 951 2506 postquam
970 2449 1026 2489 res-

139 2525 256 2601 publica
277 2526 488 2602 in'pauccrum
505 2527 674 2602 potentium
696 2527 748 2602 jus
772 2531 861 2602 atque
885 2527 1025 2584 ditionem

138 2622 287 2693 concessit,
307 2641 421 2697 semper
433 2622 492 2679 illis
506 2641 595 2697 reges,
609 2621 761 2679 tetrarches
775 2621 929 2696 vectigales
944 2641 1005 2679 esse
1013 2641 1023 2694 3
1129 2614 1130 2619 ἵ

133 2718 248 2794 populi,
274 2718 414 2776 ’nationes
440 2718 586 2795 stipendia
618 2718 763 2793 pendere5
797 2717 887 2774 ceteri
917 2735 1023 2788 omnes,

138 2814 261 2884 strenui,
280 2813 358 2885 boni,
378 2814 490 2872 nobiles
507 2820 598 2891 atque
617 2813 765 2889 ignobiles,
780 2814 886 2889 vulgus
906 2813 1021 2884 fuimus,

138 2907 204 2966 sine
222 2909 409 2984 gratiasine
427 2911 610 2981 auctoritate,
637 2910 684 2969 his
705 2910 833 2980 obnoxii,
862 2908 977 2984 quibus,
998 2907 1023 2964 ai

136 3006 301 3081 respublica
320 3005 438 3077 valeret,
457 3005 609 3065 formidini
628 3024 779 3066 essemus.
803 3006 909 3081 Itaque
928 3004 1023 3061 omnis

137 3102 240 3178 gratia,
255 3102 395 3179 potentia,
409 3102 508 3177 honos,
520 3102 632 3160 divitiae
644 3103 722 3179 apud
734 3103 801 3161 illos
814 3105 891 3172 aunt,
905 3106 959 3156 aut
970 3099 1023 3157 ubi

137 3199 183 3259 illi
195 3199 319 3260 volunt:
339 3199 424 3257 nobis
440 3199 590 3275 reliquere,
605 3199 741 3276 pericula,
755 3197 891 3275 repulsas,
901 3195 1022 3272 judicia,

136 3301 304 3372 egestatem.
344 3294 417 3365 Quae
438 3313 588 3374 quousque
606 3295 725 3355 tandem
746 3292 907 3370 patiemini,
927 3291 1023 3350 fortis·

137 3393 205 3459 simi
217 3391 297 3457 viril
337 3391 445 3467 Nonne
458 3393 548 3457 emori
566 3411 619 3471 per
636 3391 777 3451 virtutem
790 3392 918 3467 praestat,
932 3406 1021 3466 quam
