2426 3790
340 249 565 310 SALLUSTII
588 248 615 306 J
618 248 826 316 UGUBTHA,
990 252 1025 308 91

141 404 359 481 sponderentur.
409 402 578 478 Postquam,
604 401 691 459 sicuti
709 402 850 472 voluerat,
876 405 1027 478 congressi,

141 502 222 573 dicit,
245 506 302 557 “se
319 501 439 556 missum
459 517 477 554 a
494 498 612 554 consule
626 498 740 556 venisse
757 499 913 574 quaesitum
930 499 968 555 ab
985 519 1027 573 eo,

140 616 249 673 pacem,
271 615 310 652 an
328 596 449 666 bellum,
469 594 634 670 agitaturus
657 593 757 652 foret”
805 594 880 652 Tum
900 613 962 666 rex,
982 597 1029 653 uti

141 698 317 768 praeceptum
325 692 429 763 fuerat,
441 696 506 766 post
516 689 592 746 diem
603 691 747 747 decimum
756 690 851 748 redire
860 691 946 765 jubet
956 712 965 763 3
985 711 1026 764 ac,

140 788 216 845 nihil
232 789 322 846 etiam
337 806 417 844 nunc
430 786 596 856 decrevisse,
612 787 662 843 ssd
674 787 726 844 illo
739 788 787 844 die
803 806 1009 863 responsurum
1021 808 1028 845 :

141 885 246 942 deinde
258 885 344 942 ambo
356 884 389 941 in
402 903 455 941 sua
468 890 562 940 castra
575 885 706 959 digressi.
747 885 812 956 Sed,
835 886 889 942 ubi
904 886 1029 961 plemm-

140 1001 197 1058 que
210 984 304 1040 noctis
317 982 464 1058 processit,
476 980 559 1037 Sulla
571 1000 590 1037 a
603 980 717 1038 Boccho
731 982 844 1038 occulte
857 982 1027 1039 accersitur:

140 1079 179 1136 sb
195 1086 323 1155 utroque
340 1077 545 1135 tantummodo
562 1077 614 1132 fidi
634 1077 808 1152 interpretes
831 1078 1027 1135 adhibenturr

140 1181 278 1250 praetcrea
292 1174 392 1231 Dabar
404 1172 615 1241 internuncius,
624 1179 742 1228 sanctus
754 1174 809 1243 vir,
825 1180 902 1230 etex
915 1180 1029 1230 senten*

140 1270 183 1326 tia
196 1270 344 1327 ambobus
385 1268 434 1325 Ac
447 1268 548 1324 statim
562 1266 602 1323 sic
616 1287 669 1324 rcx
682 1268 787 1343 incipit
800 1290 807 1326 ε

201 1364 265 1423 ΟΧ.
309 1363 509 1438 “Numquam
537 1382 590 1438 ego
617 1368 697 1419 ratus
725 1382 791 1421 sum
810 1364 880 1436 fore,
909 1364 955 1420 uti
975 1382 1028 1421 rex

139 1460 286 1517 maximus
305 1459 338 1516 in
358 1459 412 1516 hcc
428 1464 516 1529 terra,
535 1467 566 1515 et
583 1457 721 1530 omnium,
736 1477 809 1534 quos
822 1459 899 1529 novi,
913 1459 1028 1535 privato

139 1556 252 1613 homini
271 1555 396 1630 gratiam
417 1554 559 1611 deberem
601 1552 642 1610 Et
663 1553 768 1625 hercle,
793 1553 883 1626 Sulla,
907 1561 976 1611 aute
997 1562 1029 1611 te

140 1652 299 1727 cognitum,
318 1650 420 1707 multis
438 1649 596 1721 orantibus,
621 1649 687 1706 aliis
709 1651 789 1707 ultro
809 1656 924 1725 egomet
943 1667 1029 1725 opem

140 1750 207 1822 tuli,
228 1749 340 1807 nullius
357 1749 480 1826 indigui
521 1748 560 1813 Id
573 1749 770 1821 imminutum,
786 1750 863 1825 quod
877 1749 966 1808 ceteri
978 1749 1029 1806 do·

139 1847 199 1904 lore
217 1845 319 1915 solent,
339 1863 392 1920 ego
411 1844 511 1916 leston
533 1843 624 1901 fuerit
644 1845 718 1901 mihi
745 1841 895 1925 [pretium]
916 1847 1029 1922 eguisse

139 1941 296 2018 aliquando
309 1941 444 1999 amicitias
457 1948 524 2010 tuse,
539 1959 598 2015 qua
611 1941 688 2015 apud
702 1941 832 1997 suimum
842 1960 940 1998 meum
953 1942 1029 1998 nihil

42 2102 45 2107 ,
139 2041 234 2096 carius
261 2037 362 2095 habeo.
411 2036 449 2093 Id
476 2037 548 2093 adeo
569 2037 695 2112 experiri
714 2037 802 2095 licet:
831 2055 920 2108 arma,
941 2037 1028 2105 viros,

139 2133 301 2211 pecuniam,
314 2139 461 2209 postremo
470 2132 614 2209 quidquid
624 2132 723 2189 animo
730 2130 820 2205 lubet,
830 2151 920 2204 sume,
929 2143 1029 2191 utere:

139 2234 178 2298 ot,
194 2229 289 2304 quoad
301 2231 391 2300 vives,
405 2247 564 2303 numquam
578 2229 635 2286 tibi
646 2229 791 2286 redditam
807 2230 933 2305 gretiam
945 2234 1030 2304 puta·

71 2340 77 2349 ·
139 2327 236 2399 veris,
258 2345 371 2402 semper
383 2326 461 2402 apud
474 2345 521 2384 me
534 2326 649 2402 integra
658 2328 733 2385 erit:
755 2327 881 2401 denique
889 2325 972 2396 nihil,
981 2342 1031 2381 mo

140 2426 258 2495 sciente,
286 2424 397 2480 frirstra
422 2424 509 2483 voles.
552 2424 639 2496 Nam,
664 2430 699 2480 ut
719 2443 770 2499 ego
790 2423 910 2492 aestimo,
931 2439 1028 2497 regem

140 2522 238 2590 armis,
267 2539 356 2597 quam
383 2519 583 2576 munificentia
611 2520 698 2591 vinci,
719 2521 817 2576 minus
843 2519 1027 2594 flagitiosum.

141 2616 278 2674 Ceterum
292 2615 327 2672 de
340 2634 373 2671 re
385 2613 501 2690 publica
513 2619 618 2681 vostra,
629 2614 712 2689 cujus
724 2619 842 2670 curator
853 2613 911 2671 huc
925 2614 1030 2669 missus

141 2729 179 2779 es,
194 2710 295 2785 paucis
311 2710 415 2784 accipe.
459 2708 574 2765 Bellum
590 2727 644 2783 ego
662 2710 768 2784 populo
787 2708 920 2765 Romano
933 2723 1029 2782 neque

141 2806 205 2876 feci,
224 2823 320 2880 neque
338 2805 447 2861 factum
468 2823 607 2881 umquam
626 2805 726 2862 volui:
746 2805 819 2861 fines
838 2823 917 2861 meos
930 2803 1029 2859 advar-

142 2918 208 2956 sum
229 2906 356 2957 armatos
376 2902 464 2958 armis
484 2907 599 2958 tutatus
620 2920 693 2959 sum.
735 2901 773 2957 Id
786 2902 898 2972 omitto,
913 2898 1029 2974 quaudo

141 2996 225 3053 vobis
238 2996 281 3052 ita
293 2996 408 3071 placat:
428 2998 527 3071 gerite,
549 2996 596 3054 uti
609 2995 708 3066 vultis,
730 3015 796 3053 cum
809 2993 960 3070 Jugurtha
972 2991 1031 3048 bel·

141 3093 213 3150 lum.
256 3092 318 3168 Ego
332 3093 440 3151 flumen
454 3094 635 3162 Mulucham,
649 3093 727 3170 quod
740 3094 819 3150 iuter
832 3111 878 3149 me
888 3089 1030 3164 etMicip

142 3208 204 3248 sam
220 3189 286 3260 fuit,
308 3208 367 3246 non
389 3191 526 3265 egrediar,
548 3209 643 3266 neque
663 3190 845 3266 ,Iugurtham
866 3187 897 3244 id
920 3187 1030 3242 intrare

142 3285 245 3345 sinam.
287 3285 440 3358 Praetcres,
468 3288 493 3345 si
523 3288 594 3364 quid
617 3305 721 3364 meque
748 3285 887 3362 vobisque
908 3283 1030 3361 dignum

140 3381 290 3461 petiv'eris,
305 3381 384 3440 haud
396 3383 529 3460 repulsus
542 3384 659 3442 abibis.'’
