2426 3790
193 277 231 336 16
389 269 615 336 eneruem
638 273 664 332 J
667 271 882 334 deunana,

190 424 334 483 animalia
377 424 435 482 Sed
447 423 500 500 qui
512 423 649 480 mortales
662 422 748 479 initio
761 422 894 480 Africam
912 422 1079 497 habuerint,

189 523 299 598 quique
318 527 419 598 postea
438 521 619 587 accesserint,
634 525 686 577 aut
706 520 850 594 quomodo
870 519 949 577 inter
968 541 999 578 se
1018 541 1086 598 per-

190 618 279 675 mixti
302 619 381 690 sint;
408 636 585 694 quamquam
608 615 645 672 ab
669 634 703 672 ea
729 616 813 687 fama,
838 635 902 690 quae
929 616 1083 694 pleresque

190 718 312 787 obtinet,
325 716 472 773 diversum
485 721 548 786 est;
568 721 674 785 tamen,
685 713 732 771 uti
745 732 782 770 ex
796 714 879 770 libris
890 714 1018 786 Punicis,
1028 715 1084 791 qui

189 815 265 889 regis
285 812 465 887 Hiempsalis
484 811 663 880 dicebantur,
679 812 906 887 interpretatum
924 813 1008 871 uobis
1025 820 1079 886 est,

189 912 293 985 utique
319 928 380 965 rem
407 927 469 965 sese
491 907 598 964 habere
621 907 747 964 cultores
771 908 833 982 ejus
853 914 938 966 terrae
963 915 1079 985 putant,

189 1022 277 1080 quam
290 1002 470 1078 paucissimis
485 1001 585 1060 dicam.
624 998 761 1058 Ceterum
774 1002 846 1058 fides
859 1003 921 1078 ejus
934 1005 978 1060 rei
990 1022 1081 1080 penes

189 1106 321 1156 auctores
336 1099 398 1157 erit.

249 1195 376 1252 XVIII.
418 1195 551 1252 Africam
564 1195 651 1251 initio
661 1193 788 1251 habuere
799 1193 907 1252 Gaetuli
921 1201 951 1252 et
962 1194 1079 1272 Libyes,

189 1294 291 1368 asperi,
303 1291 427 1363 inculti,
443 1291 525 1367 queis
535 1291 617 1347 cibus
631 1295 695 1347 erat
708 1310 774 1348 care
784 1291 884 1362 ferina,
894 1297 984 1368 atque
994 1294 1081 1351 humi

190 1388 559 1466 pabulumutipecoribus.
595 1386 640 1444 Hi
650 1406 745 1463 neque
755 1389 891 1459 moribus,
902 1408 996 1464 neque
1005 1391 1077 1468 lege,

192 1505 283 1562 neque
301 1486 424 1561 imperio
438 1484 617 1559 cujusquam,
631 1485 826 1558 regebantur:
846 1486 921 1561 vagi,
937 1487 1077 1561 palantes,

189 1603 248 1659 qua
267 1602 327 1640 nex
347 1587 487 1657 co'e'gerat,
501 1581 582 1638 sedes
601 1580 755 1641 habebant.
799 1581 863 1653 Sed,
879 1591 1032 1659 postquam
1045 1585 1079 1643 in

189 1678 336 1755 Hispania
355 1678 506 1748 Hercules,
529 1676 617 1739 uenti
636 1676 707 1733 Afri
726 1683 841 1753 putant,
859 1679 983 1751 interiit,
999 1699 1079 1737 exer-

189 1776 265 1833 citus
278 1776 348 1850 ejus,
363 1773 539 1848 compositus
553 1792 591 1829 ex
604 1773 694 1829 variis
712 1774 854 1848 gentibus,
871 1776 977 1831 amisse
995 1776 1075 1846 duce,

188 1891 221 1928 ac
241 1871 347 1946 passim
367 1870 476 1939 multis,
497 1870 554 1925 sibi
575 1870 705 1944 quisque,
727 1869 883 1944 imperium
901 1873 1076 1946 petentibus,

189 1968 270 2025 brevi
290 1966 450 2023 dilabitur.
492 1965 541 2021 Ex
574 1984 608 2022 eo
640 1984 762 2023 numero
794 1966 884 2037 Medi,
914 1967 1017 2041 Persae,
1046 1979 1078 2026 et

188 2064 334 2132 Armenii,
361 2063 485 2119 navibus
511 2062 544 2117 in
570 2062 705 2119 Africam
722 2064 902 2136 transvecti,
929 2066 1077 2140 proximos

74 2168 76 2171 ’
187 2165 287 2218 nos’uo
300 2160 375 2216 mari
388 2159 464 2214 locos
478 2176 659 2234 occupavere
703 2157 760 2216 Sed
778 2159 874 2216 Persae
895 2161 977 2218 intra
996 2181 1076 2220 ocea-

187 2276 260 2313 num
273 2256 383 2331 magis:
403 2256 484 2329 iique
496 2254 593 2311 alveos
605 2256 727 2312 navium
739 2255 870 2313 inversos
883 2276 937 2333 pro
950 2258 1077 2332 tuguriis

188 2354 322 2425 habuere,
336 2352 405 2427 quia
424 2370 519 2427 neque
538 2352 662 2409 materia
681 2353 714 2410 iu
734 2353 818 2428 agris,
833 2372 929 2429 neque
948 2355 986 2411 ab
1006 2354 1077 2412 His

188 2449 272 2524 panis
292 2449 406 2506 emendi
426 2455 479 2505 aut
498 2449 633 2505 mutandi
645 2448 728 2524 copia
741 2455 821 2506 erat:
843 2469 923 2507 mare
936 2469 1073 2526 magnum

188 2550 219 2601 et
229 2544 330 2620 ignara
343 2543 444 2618 lingua
453 2544 624 2600 commercia
634 2544 834 2620 prohibebant.
868 2545 1075 2622 Hipaullatim

187 2660 241 2718 per
260 2640 404 2697 connubia
418 2639 547 2697 Gaetulos
565 2659 664 2697 seeum
675 2642 834 2698 miscuere:
856 2648 893 2712 et,
909 2643 979 2716 quia
992 2661 1072 2718 saepe,

188 2741 337 2794 tentantes
350 2754 440 2811 agros,
454 2735 520 2806 alia,
535 2735 639 2793 deinde
652 2736 710 2792 alia
720 2736 786 2793 loca
798 2737 972 2812 petiverant,
984 2744 1076 2794 semet

187 2833 244 2909 ipsi
270 2831 418 2889 Nomadas
444 2831 634 2907 adpellavere
676 2831 814 2889 (laterum
837 2831 932 2888 adhuc
955 2831 1075 2888 aedificia

187 2929 386 2988 Numidarum
405 2929 571 3005 agrestium,
593 2947 658 3004 quoe
681 2928 807 3004 mapalia
827 2928 874 2984 illi
892 2934 1007 3000 vocant,
1028 2929 1074 2986 ob

188 3026 281 3101 longa,
303 3025 432 3082 incurvis
451 3024 591 3081 lateribus
611 3029 696 3095 tecta,
717 3025 800 3099 quasi
819 3024 941 3080 navium
960 3024 1072 3095 carina,

188 3127 265 3179 sunt
299 3121 384 3178 Medi
396 3127 494 3177 autem
508 3126 539 3177 et
551 3120 689 3178 Armenii
701 3138 843 3178 accessere
854 3120 960 3194 Libyes
972 3140 979 3177 ι
994 3119 1074 3198 (nam

188 3217 220 3274 bi
239 3219 358 3293 propius
377 3236 458 3275 mare
475 3217 612 3275 Africum
631 3218 790 3293 agitabant,
813 3216 923 3274 Gaetuli
941 3217 997 3275 sub
1015 3216 1073 3273 sele

189 3313 288 3386 magis,
297 3313 376 3371 haud
389 3314 489 3390 procul
502 3315 540 3372 ab
553 3315 705 3373 ardoribus
713 3312 735 3392 :)
748 3315 838 3390 hique
847 3320 962 3370 mature
969 3311 1072 3388 oppida

189 3405 315 3465 habuere
324 3428 334 3483 3
361 3429 437 3485 nam,
459 3412 534 3470 freto
557 3411 644 3470 divisi
663 3413 700 3470 ab
720 3411 873 3488 Hispania,
895 3414 1009 3467 mutare
1025 3427 1072 3467 res
