2426 3790
190 279 227 345 14
382 280 604 343 saiivam
628 281 655 339 J
659 281 863 343 Usuerna

186 460 224 499 ex
236 441 339 518 opibus
353 440 455 497 alienis
468 440 581 515 pendet.
625 439 751 498 ‘Utinam
765 440 856 497 emori
865 439 990 495 fortunis
1000 440 1073 498 meis

185 539 323 595 honestus
343 538 440 594 exitus
456 543 537 606 esset,
552 557 610 593 neu
626 536 694 612 jure
715 543 879 594 contemtus
900 537 1021 609 viderer,
1037 538 1071 610 si,

185 632 313 690 defessus
321 632 413 702 malis,
423 631 537 706 injuriae
546 632 752 689 concessissem.
774 631 864 688 Nunc
871 651 965 707 neque
973 633 1073 690 vivere

185 729 276 800 lubet,
287 748 381 805 neque
391 728 465 784 mori
475 727 544 784 licet
555 727 617 784 sine
626 728 770 785 dedecore.
797 727 900 785 Patres
908 730 1070 804 conscripti,

185 847 238 904 per
258 846 317 896 vos,
341 845 394 902 per
415 826 521 883 liberos
542 832 632 901 atque
655 831 796 901 parentes,
817 845 870 901 per
891 826 1072 902 majestatem

187 924 286 998 populi
300 923 435 994 Romani,
450 922 602 978 subvenite
616 921 720 977 misero
734 922 826 994 mihi5
846 922 888 979 ite
901 923 1016 979 obviam
1029 924 1072 980 in·

184 1019 287 1095 juriae3
301 1018 393 1075 nolite
406 1018 469 1093 pati
481 1037 602 1093 regnum
617 1017 772 1088 Numidiae,
785 1018 863 1093 quod
876 1024 1005 1075 vestrum
1018 1028 1070 1091 est,

186 1134 238 1190 per
250 1115 342 1172 scelus
356 1121 386 1170 et
399 1115 568 1189 sanguinem
582 1113 700 1169 familiae
714 1120 819 1169 nostrae
833 1114 1004 1173 tabescere.''

245 1209 317 1269 XV.
360 1210 519 1284 Postquam
544 1227 597 1264 rex
620 1208 708 1264 finem
730 1209 867 1284 loquendi
887 1210 963 1281 fecit,
983 1210 1072 1286 legati

186 1305 208 1362 J
208 1305 349 1380 ugmthae,
365 1305 517 1380 largitione
537 1304 636 1377 magis,
651 1322 740 1378 quam
760 1323 866 1374 caussa,
882 1304 958 1377 freti,
974 1306 1073 1380 paucis

185 1384 379 1476 respondent:
395 1399 617 1473 “Hiempsalem
631 1398 668 1454 ob
678 1398 820 1454 saevitiam
830 1418 912 1455 suam
922 1400 959 1455 ab
967 1398 1072 1455 Numi-

186 1496 230 1552 dis
239 1495 446 1552 interfectum:
462 1493 669 1565 Adherbalem,
678 1494 757 1550 ultro
767 1494 875 1551 bellum
889 1495 1071 1565 inferentem,

185 1600 339 1667 postquam
363 1600 515 1667 superat-us
538 1591 586 1658 sit,
607 1591 697 1666 queri,
720 1592 797 1666 quod
819 1592 957 1666 injuriam
980 1593 1073 1649 iacere

185 1688 382 1763 nequivisset:
409 1686 590 1762 Juguitham
610 1687 647 1743 ab
671 1693 773 1744 senatu
796 1694 904 1764 petere,
925 1707 962 1745 ne
982 1689 1072 1746 alium

185 1793 333 1863 putarent,
348 1805 381 1842 ao
402 1786 572 1842 Numantiae
594 1785 727 1861 cognitus
746 1792 828 1856 esset,
843 1805 901 1843 neu
917 1786 1005 1843 verba
1018 1787 1073 1843 ini-

185 1884 255 1940 mici
268 1889 337 1939 ante
350 1883 428 1939 sacta
442 1902 494 1939 sua
511 1885 679 1957 ponerent.''
720 1881 836 1941 Deinde
855 1884 973 1960 utrique
992 1886 1074 1941 curia

186 1983 384 2059 egrediuntur.
420 1980 544 2036 Senatus
558 1979 658 2036 statim
673 1980 847 2036 consulitur:
862 1981 989 2037 fautores
999 1980 1074 2055 lega-

186 2085 291 2150 torum,
306 2085 445 2154 praeterea
464 2095 570 2151 magna
587 2095 654 2151 pars
671 2076 765 2151 gratia
779 2076 942 2152 depravata,
958 2077 1074 2133 Adher·

185 2175 260 2231 belia
279 2176 358 2231 dicta
378 2178 568 2242 contemnere,
591 2171 747 2246 Jugnrthae
767 2172 909 2229 virtutem
934 2172 1073 2229 extollere

186 2269 321 2327 laudibus
332 2290 340 2340 3
367 2267 469 2344 gratia,
490 2287 568 2338 voce,
591 2269 717 2344 denique
740 2269 874 2325 omnibus
897 2269 998 2340 modis,
1020 2288 1073 2345 pro

187 2365 281 2421 alieno
298 2364 403 2420 scelere
422 2369 452 2419 et
465 2362 585 2438 flagitio,
597 2382 649 2419 sua
663 2365 747 2438 quasi
761 2383 814 2439 pro
827 2364 926 2439 gloria,
941 2365 1074 2421 niteban-

187 2470 244 2518 tur.
280 2459 326 2514 Aa
340 2465 440 2515 contra
453 2460 545 2534 pauci,
555 2460 661 2534 quibua
676 2461 784 2516 bonum
797 2466 827 2517 et
836 2480 952 2536 aequum
963 2462 1074 2520 divitiis

188 2556 290 2624 carius,
308 2555 538 2611 subveniendum
558 2553 729 2624 Adherbali,
750 2560 781 2611 et
801 2554 980 2630 Hiempsalis
998 2576 1073 2613 mor-

187 2648 248 2709 tem
268 2671 365 2710 severe
386 2653 589 2709 vindicandam
612 2653 785 2709 censebant:
813 2653 863 2708 sed
883 2672 921 2708 ex
941 2655 1074 2710 omnibus

188 2749 315 2805 maxime
329 2747 471 2804 AEmilius
492 2748 624 2820 Soaunis,
639 2749 725 2805 homo
746 2748 858 2818 nobilis,
873 2750 1004 2825 impiger,
1019 2750 1075 2806 fac-

187 2845 286 2915 tiosus,
308 2842 411 2898 avidus
430 2842 575 2917 potentiae,
595 2843 721 2914 honoris,
737 2843 925 2914 divitiarum
946 2853 1074 2901 ceterum

187 2944 261 3000 vitia
279 2961 334 2998 sua
354 2942 456 2998 callide
477 2943 631 3000 occultans.
675 2942 706 2998 Is
726 2951 880 3018 postquam
899 2942 980 3012 videt
1000 2942 1075 3016 regis

187 3040 372 3115 largitionem
386 3043 522 3094 famosam
538 3038 802 3114 impudentemque,
818 3038 935 3107 veritae,
951 3038 1029 3111 quod
1043 3039 1072 3092 in

188 3137 241 3192 tali
261 3155 293 3192 re
312 3136 447 3205 solatae
467 3135 578 3208 polluta
598 3133 715 3191 licentia
736 3135 878 3191 invidiam
898 3135 1073 3202 accenderet,

190 3232 322 3288 animum
335 3251 352 3286 a
366 3236 502 3287 consueta
515 3230 645 3286 lubidine
659 3230 811 3287 continuit

248 3326 338 3385 XVI.
381 3326 464 3383 Vicit
484 3332 582 3384 tamen
602 3328 635 3382 in
653 3333 756 3385 senatu
769 3346 836 3403 pars
849 3326 910 3397 illa,
926 3343 990 3402 qna
1005 3341 1074 3380 vero

187 3421 314 3496 pretium
335 3425 386 3479 aut
405 3422 529 3498 gratiam
549 3422 737 3482 anteferebat.
779 3421 938 3480 Decretum
957 3420 1000 3492 fit,
1021 3435 1074 3476 uri
