<?xml version="1.0" encoding="UTF-8"?>
<!DOCTYPE html PUBLIC "-//W3C//DTD XHTML 1.0 Transitional//EN"
    "http://www.w3.org/TR/xhtml1/DTD/xhtml1-transitional.dtd">
<html xmlns="http://www.w3.org/1999/xhtml" xml:lang="en" lang="en">
 <head>
  <title>
</title>
<meta http-equiv="Content-Type" content="text/html;charset=utf-8" />
  <meta name='ocr-system' content='tesseract 3.04.00' />
  <meta name='ocr-capabilities' content='ocr_page ocr_carea ocr_par ocr_line ocrx_word'/>
</head>
<body>
  <div class='ocr_page' id='page_1' title='image "./caiisallustiicr00merigoog_0197.png"; bbox 0 0 2426 3790; ppageno 0'>
   <div class='ocr_carea' id='block_1_1' title="bbox 184 256 864 328">
    <p class='ocr_par' dir='ltr' id='par_1_1' title="bbox 184 256 864 328">
     <span class='ocr_line' id='line_1_1' title="bbox 184 256 864 328; baseline -0.021 0"><span class='ocrx_word' id='word_1_1' title='bbox 184 269 221 328; x_wconf 74' lang='lat'>36</span> <span class='ocrx_word' id='word_1_2' title='bbox 381 259 604 322; x_wconf 76' lang='lat' dir='ltr'><em>SALLUSTII</em></span> <span class='ocrx_word' id='word_1_3' title='bbox 626 257 652 315; x_wconf 88' lang='lat' dir='ltr'><strong><em>J</em></strong></span> <span class='ocrx_word' id='word_1_4' title='bbox 658 256 864 316; x_wconf 73' lang='lat' dir='ltr'><em>UGURTHA.</em></span> 
     </span>
    </p>
   </div>
   <div class='ocr_carea' id='block_1_2' title="bbox 178 410 1078 3453">
    <p class='ocr_par' dir='ltr' id='par_1_2' title="bbox 178 410 1078 3453">
     <span class='ocr_line' id='line_1_2' title="bbox 183 410 1069 489; baseline -0.012 -12"><span class='ocrx_word' id='word_1_5' title='bbox 183 420 297 477; x_wconf 89' lang='lat' dir='ltr'>eosdem</span> <span class='ocrx_word' id='word_1_6' title='bbox 310 416 453 484; x_wconf 82' lang='lat' dir='ltr'>aerurium,</span> <span class='ocrx_word' id='word_1_7' title='bbox 468 412 632 489; x_wconf 77' lang='lat' dir='ltr'>provinciae,</span> <span class='ocrx_word' id='word_1_8' title='bbox 647 412 842 486; x_wconf 82' lang='lat' dir='ltr'>magistratus,</span> <span class='ocrx_word' id='word_1_9' title='bbox 857 410 955 484; x_wconf 81' lang='lat' dir='ltr'>gloriae</span> <span class='ocrx_word' id='word_1_10' title='bbox 966 411 1069 467; x_wconf 86' lang='lat' dir='ltr'>triurn-</span> 
     </span>
     <span class='ocr_line' id='line_1_3' title="bbox 183 507 1069 591; baseline -0.009 -20"><span class='ocrx_word' id='word_1_11' title='bbox 183 516 291 591; x_wconf 88' lang='lat' dir='ltr'>phique</span> <span class='ocrx_word' id='word_1_12' title='bbox 304 518 405 570; x_wconf 85' lang='lat' dir='ltr'>erant:</span> <span class='ocrx_word' id='word_1_13' title='bbox 426 510 549 585; x_wconf 89' lang='lat' dir='ltr'>populus</span> <span class='ocrx_word' id='word_1_14' title='bbox 563 508 670 565; x_wconf 87' lang='lat' dir='ltr'>militia</span> <span class='ocrx_word' id='word_1_15' title='bbox 683 514 771 583; x_wconf 90' lang='lat' dir='ltr'>atque</span> <span class='ocrx_word' id='word_1_16' title='bbox 784 508 883 581; x_wconf 84' lang='lat' dir='ltr'>inopia</span> <span class='ocrx_word' id='word_1_17' title='bbox 897 507 1054 580; x_wconf 71' lang='lat' dir='ltr'><strong>urgebatur</strong></span> <span class='ocrx_word' id='word_1_18' title='bbox 1060 527 1069 578; x_wconf 75' lang='lat'><em>3</em></span> 
     </span>
     <span class='ocr_line' id='line_1_4' title="bbox 182 601 1066 684; baseline -0.006 -19"><span class='ocrx_word' id='word_1_19' title='bbox 182 609 293 684; x_wconf 82' lang='lat' dir='ltr'>praedas</span> <span class='ocrx_word' id='word_1_20' title='bbox 321 606 436 663; x_wconf 87' lang='lat' dir='ltr'>bellicas</span> <span class='ocrx_word' id='word_1_21' title='bbox 460 607 649 681; x_wconf 87' lang='lat' dir='ltr'>imperatores</span> <span class='ocrx_word' id='word_1_22' title='bbox 673 622 740 660; x_wconf 90' lang='lat' dir='ltr'>cum</span> <span class='ocrx_word' id='word_1_23' title='bbox 764 602 862 678; x_wconf 81' lang='lat' dir='ltr'>paucis</span> <span class='ocrx_word' id='word_1_24' title='bbox 882 601 1066 677; x_wconf 76' lang='lat' dir='ltr'><strong>diripiebant.</strong></span> 
     </span>
     <span class='ocr_line' id='line_1_5' title="bbox 183 699 1068 778; baseline -0.008 -18"><span class='ocrx_word' id='word_1_25' title='bbox 183 705 300 761; x_wconf 88' lang='lat' dir='ltr'>Interea</span> <span class='ocrx_word' id='word_1_26' title='bbox 319 708 461 778; x_wconf 86' lang='lat' dir='ltr'>parentes,</span> <span class='ocrx_word' id='word_1_27' title='bbox 490 706 543 757; x_wconf 86' lang='lat' dir='ltr'>eut</span> <span class='ocrx_word' id='word_1_28' title='bbox 566 700 650 776; x_wconf 87' lang='lat' dir='ltr'>parvi</span> <span class='ocrx_word' id='word_1_29' title='bbox 673 699 759 756; x_wconf 89' lang='lat' dir='ltr'>liberi</span> <span class='ocrx_word' id='word_1_30' title='bbox 776 699 915 768; x_wconf 90' lang='lat' dir='ltr'>militum,</span> <span class='ocrx_word' id='word_1_31' title='bbox 938 704 972 755; x_wconf 91' lang='lat' dir='ltr'>ut</span> <span class='ocrx_word' id='word_1_32' title='bbox 992 699 1068 773; x_wconf 78' lang='lat' dir='ltr'>quis</span> 
     </span>
     <span class='ocr_line' id='line_1_6' title="bbox 182 794 1068 877; baseline -0.006 -21"><span class='ocrx_word' id='word_1_33' title='bbox 182 820 238 876; x_wconf 85' lang='lat' dir='ltr'>que</span> <span class='ocrx_word' id='word_1_34' title='bbox 251 799 409 877; x_wconf 86' lang='lat' dir='ltr'>potentiori</span> <span class='ocrx_word' id='word_1_35' title='bbox 421 797 542 854; x_wconf 85' lang='lat' dir='ltr'>confinis</span> <span class='ocrx_word' id='word_1_36' title='bbox 559 804 630 866; x_wconf 87' lang='lat' dir='ltr'>erat,</span> <span class='ocrx_word' id='word_1_37' title='bbox 650 796 766 853; x_wconf 89' lang='lat' dir='ltr'>sedibus</span> <span class='ocrx_word' id='word_1_38' title='bbox 785 796 975 870; x_wconf 77' lang='lat' dir='ltr'>pellebantur.</span> <span class='ocrx_word' id='word_1_39' title='bbox 1018 794 1068 851; x_wconf 84' lang='lat' dir='ltr'>Its</span> 
     </span>
     <span class='ocr_line' id='line_1_7' title="bbox 182 891 1067 971; baseline -0.009 -18"><span class='ocrx_word' id='word_1_40' title='bbox 182 917 247 954; x_wconf 89' lang='lat' dir='ltr'>cum</span> <span class='ocrx_word' id='word_1_41' title='bbox 268 895 400 971; x_wconf 87' lang='lat' dir='ltr'>potentia</span> <span class='ocrx_word' id='word_1_42' title='bbox 419 894 551 965; x_wconf 87' lang='lat' dir='ltr'>avaritia,</span> <span class='ocrx_word' id='word_1_43' title='bbox 584 893 647 950; x_wconf 88' lang='lat' dir='ltr'>sine</span> <span class='ocrx_word' id='word_1_44' title='bbox 677 893 762 949; x_wconf 91' lang='lat' dir='ltr'>modo</span> <span class='ocrx_word' id='word_1_45' title='bbox 788 892 995 966; x_wconf 75' lang='lat' dir='ltr'>modestiaque,</span> <span class='ocrx_word' id='word_1_46' title='bbox 1022 891 1067 946; x_wconf 89' lang='lat' dir='ltr'>in-</span> 
     </span>
     <span class='ocr_line' id='line_1_8' title="bbox 181 989 1068 1066; baseline -0.003 -20"><span class='ocrx_word' id='word_1_47' title='bbox 181 993 294 1063; x_wconf 84' lang='lat' dir='ltr'>vadere,</span> <span class='ocrx_word' id='word_1_48' title='bbox 310 990 437 1066; x_wconf 89' lang='lat' dir='ltr'>polluere</span> <span class='ocrx_word' id='word_1_49' title='bbox 454 997 485 1046; x_wconf 88' lang='lat' dir='ltr'>et</span> <span class='ocrx_word' id='word_1_50' title='bbox 497 996 611 1046; x_wconf 84' lang='lat' dir='ltr'>vestare</span> <span class='ocrx_word' id='word_1_51' title='bbox 628 990 726 1046; x_wconf 87' lang='lat' dir='ltr'>omnia</span> <span class='ocrx_word' id='word_1_52' title='bbox 735 1010 744 1061; x_wconf 85' lang='lat'>;</span> <span class='ocrx_word' id='word_1_53' title='bbox 765 989 841 1045; x_wconf 91' lang='lat' dir='ltr'><strong>nihil</strong></span> <span class='ocrx_word' id='word_1_54' title='bbox 860 990 950 1064; x_wconf 88' lang='lat' dir='ltr'>pensi,</span> <span class='ocrx_word' id='word_1_55' title='bbox 972 1008 1068 1064; x_wconf 84' lang='lat' dir='ltr'>neque</span> 
     </span>
     <span class='ocr_line' id='line_1_9' title="bbox 182 1081 1064 1160; baseline -0.003 -19"><span class='ocrx_word' id='word_1_56' title='bbox 182 1086 282 1156; x_wconf 86' lang='lat' dir='ltr'>sancti,</span> <span class='ocrx_word' id='word_1_57' title='bbox 304 1084 416 1155; x_wconf 83' lang='lat' dir='ltr'>habere,</span> <span class='ocrx_word' id='word_1_58' title='bbox 437 1085 531 1160; x_wconf 88' lang='lat' dir='ltr'>quoad</span> <span class='ocrx_word' id='word_1_59' title='bbox 550 1089 641 1140; x_wconf 88' lang='lat' dir='ltr'>semet</span> <span class='ocrx_word' id='word_1_60' title='bbox 656 1083 718 1159; x_wconf 88' lang='lat' dir='ltr'>ipsa</span> <span class='ocrx_word' id='word_1_61' title='bbox 734 1082 933 1159; x_wconf 82' lang='lat' dir='ltr'>praecipitavit.</span> <span class='ocrx_word' id='word_1_62' title='bbox 976 1081 1064 1152; x_wconf 85' lang='lat' dir='ltr'>Nam,</span> 
     </span>
     <span class='ocr_line' id='line_1_10' title="bbox 181 1178 1068 1255; baseline -0.002 -19"><span class='ocrx_word' id='word_1_63' title='bbox 181 1180 233 1236; x_wconf 90' lang='lat' dir='ltr'>ubi</span> <span class='ocrx_word' id='word_1_64' title='bbox 256 1181 384 1255; x_wconf 90' lang='lat' dir='ltr'>primum</span> <span class='ocrx_word' id='word_1_65' title='bbox 408 1199 445 1236; x_wconf 87' lang='lat' dir='ltr'>ex</span> <span class='ocrx_word' id='word_1_66' title='bbox 472 1179 625 1235; x_wconf 88' lang='lat' dir='ltr'>nobilitate</span> <span class='ocrx_word' id='word_1_67' title='bbox 653 1179 762 1254; x_wconf 87' lang='lat' dir='ltr'>reperti</span> <span class='ocrx_word' id='word_1_68' title='bbox 781 1185 860 1248; x_wconf 88' lang='lat' dir='ltr'>sunt,</span> <span class='ocrx_word' id='word_1_69' title='bbox 888 1178 940 1252; x_wconf 91' lang='lat' dir='ltr'>qui</span> <span class='ocrx_word' id='word_1_70' title='bbox 967 1196 1068 1234; x_wconf 85' lang='lat' dir='ltr'>veram</span> 
     </span>
     <span class='ocr_line' id='line_1_11' title="bbox 180 1272 1066 1350; baseline -0.007 -18"><span class='ocrx_word' id='word_1_71' title='bbox 180 1273 302 1350; x_wconf 77' lang='lat' dir='ltr'>gloriam</span> <span class='ocrx_word' id='word_1_72' title='bbox 321 1274 436 1349; x_wconf 86' lang='lat' dir='ltr'>iujustae</span> <span class='ocrx_word' id='word_1_73' title='bbox 457 1272 593 1348; x_wconf 83' lang='lat' dir='ltr'>potentiae</span> <span class='ocrx_word' id='word_1_74' title='bbox 614 1280 842 1348; x_wconf 87' lang='lat' dir='ltr'>anteponerent:</span> <span class='ocrx_word' id='word_1_75' title='bbox 867 1273 978 1330; x_wconf 89' lang='lat' dir='ltr'>moveri</span> <span class='ocrx_word' id='word_1_76' title='bbox 997 1273 1066 1328; x_wconf 88' lang='lat' dir='ltr'>civi·</span> 
     </span>
     <span class='ocr_line' id='line_1_12' title="bbox 180 1368 1070 1443; baseline -0.001 -17"><span class='ocrx_word' id='word_1_77' title='bbox 180 1382 232 1442; x_wconf 81' lang='lat' dir='ltr'>tas,</span> <span class='ocrx_word' id='word_1_78' title='bbox 255 1376 284 1426; x_wconf 86' lang='lat' dir='ltr'>et</span> <span class='ocrx_word' id='word_1_79' title='bbox 304 1369 443 1426; x_wconf 78' lang='lat' dir='ltr'>dissensio</span> <span class='ocrx_word' id='word_1_80' title='bbox 463 1369 566 1439; x_wconf 81' lang='lat' dir='ltr'>civilis,</span> <span class='ocrx_word' id='word_1_81' title='bbox 595 1370 678 1443; x_wconf 86' lang='lat' dir='ltr'>quasi</span> <span class='ocrx_word' id='word_1_82' title='bbox 698 1368 855 1443; x_wconf 76' lang='lat' dir='ltr'>permixtio</span> <span class='ocrx_word' id='word_1_83' title='bbox 874 1375 967 1438; x_wconf 82' lang='lat' dir='ltr'>terrae,</span> <span class='ocrx_word' id='word_1_84' title='bbox 994 1370 1070 1425; x_wconf 79' lang='lat' dir='ltr'>oriri·</span> 
     </span>
     <span class='ocr_line' id='line_1_13' title="bbox 181 1467 771 1542; baseline 0.002 -20"><span class='ocrx_word' id='word_1_85' title='bbox 181 1467 275 1542; x_wconf 86' lang='lat' dir='ltr'>coepit.</span> <span class='ocrx_word' id='word_1_86' title='bbox 769 1518 771 1523; x_wconf 91' lang='lat'>.</span> 
     </span>
     <span class='ocr_line' id='line_1_14' title="bbox 239 1558 1078 1635; baseline -0.002 -18"><span class='ocrx_word' id='word_1_87' title='bbox 239 1559 345 1617; x_wconf 82' lang='lat' dir='ltr'><strong>XLII.</strong></span> <span class='ocrx_word' id='word_1_88' title='bbox 386 1558 473 1629; x_wconf 88' lang='lat' dir='ltr'>Nam,</span> <span class='ocrx_word' id='word_1_89' title='bbox 495 1565 649 1635; x_wconf 85' lang='lat' dir='ltr'>postquam</span> <span class='ocrx_word' id='word_1_90' title='bbox 668 1560 799 1616; x_wconf 88' lang='lat' dir='ltr'>Tiberius</span> <span class='ocrx_word' id='word_1_91' title='bbox 815 1567 845 1617; x_wconf 90' lang='lat' dir='ltr'>et</span> <span class='ocrx_word' id='word_1_92' title='bbox 860 1560 890 1617; x_wconf 82' lang='grc' dir='ltr'>Ο.</span> <span class='ocrx_word' id='word_1_93' title='bbox 907 1560 1078 1628; x_wconf 72' lang='lat' dir='ltr'>Gracchus.</span> 
     </span>
     <span class='ocr_line' id='line_1_15' title="bbox 180 1654 1068 1730; baseline -0.001 -18"><span class='ocrx_word' id='word_1_94' title='bbox 180 1675 304 1730; x_wconf 89' lang='lat' dir='ltr'>quorum</span> <span class='ocrx_word' id='word_1_95' title='bbox 321 1655 443 1730; x_wconf 79' lang='lat' dir='ltr'>majores</span> <span class='ocrx_word' id='word_1_96' title='bbox 460 1654 572 1711; x_wconf 88' lang='lat' dir='ltr'>Punico</span> <span class='ocrx_word' id='word_1_97' title='bbox 591 1660 679 1730; x_wconf 88' lang='lat' dir='ltr'>atque</span> <span class='ocrx_word' id='word_1_98' title='bbox 696 1655 763 1711; x_wconf 86' lang='lat' dir='ltr'>aliis</span> <span class='ocrx_word' id='word_1_99' title='bbox 775 1656 859 1712; x_wconf 88' lang='lat' dir='ltr'>bellis</span> <span class='ocrx_word' id='word_1_100' title='bbox 871 1657 999 1720; x_wconf 80' lang='lat' dir='ltr'>multum</span> <span class='ocrx_word' id='word_1_101' title='bbox 1011 1656 1068 1712; x_wconf 86' lang='lat' dir='ltr'>rei-</span> 
     </span>
     <span class='ocr_line' id='line_1_16' title="bbox 180 1750 1065 1828; baseline 0.001 -20"><span class='ocrx_word' id='word_1_102' title='bbox 180 1751 301 1828; x_wconf 79' lang='lat' dir='ltr'>publicae</span> <span class='ocrx_word' id='word_1_103' title='bbox 316 1750 496 1821; x_wconf 83' lang='lat' dir='ltr'>addiderant,</span> <span class='ocrx_word' id='word_1_104' title='bbox 514 1751 658 1807; x_wconf 82' lang='lat' dir='ltr'>vindicare</span> <span class='ocrx_word' id='word_1_105' title='bbox 671 1751 785 1827; x_wconf 88' lang='lat' dir='ltr'>plebem</span> <span class='ocrx_word' id='word_1_106' title='bbox 798 1752 830 1808; x_wconf 89' lang='lat' dir='ltr'>in</span> <span class='ocrx_word' id='word_1_107' title='bbox 844 1752 1018 1822; x_wconf 83' lang='lat' dir='ltr'>libertatem,</span> <span class='ocrx_word' id='word_1_108' title='bbox 1033 1760 1065 1810; x_wconf 86' lang='lat' dir='ltr'>et</span> 
     </span>
     <span class='ocr_line' id='line_1_17' title="bbox 180 1847 1063 1923; baseline 0.002 -20"><span class='ocrx_word' id='word_1_109' title='bbox 180 1866 336 1923; x_wconf 86' lang='lat' dir='ltr'>paucorum</span> <span class='ocrx_word' id='word_1_110' title='bbox 355 1847 462 1904; x_wconf 88' lang='lat' dir='ltr'>scelera</span> <span class='ocrx_word' id='word_1_111' title='bbox 476 1847 645 1922; x_wconf 83' lang='lat' dir='ltr'>patefacere,</span> <span class='ocrx_word' id='word_1_112' title='bbox 664 1867 789 1923; x_wconf 72' lang='lat' dir='ltr'>crepere:</span> <span class='ocrx_word' id='word_1_113' title='bbox 811 1849 948 1905; x_wconf 86' lang='lat' dir='ltr'>nobilitas</span> <span class='ocrx_word' id='word_1_114' title='bbox 966 1850 1063 1922; x_wconf 82' lang='lat' dir='ltr'>noxia,</span> 
     </span>
     <span class='ocr_line' id='line_1_18' title="bbox 180 1943 1062 2019; baseline 0.006 -22"><span class='ocrx_word' id='word_1_115' title='bbox 180 1949 271 2016; x_wconf 90' lang='lat' dir='ltr'>atque</span> <span class='ocrx_word' id='word_1_116' title='bbox 283 1961 316 1999; x_wconf 86' lang='lat' dir='ltr'>ao</span> <span class='ocrx_word' id='word_1_117' title='bbox 329 1943 468 2019; x_wconf 89' lang='lat' dir='ltr'>perculsa,</span> <span class='ocrx_word' id='word_1_118' title='bbox 483 1943 569 2000; x_wconf 89' lang='lat' dir='ltr'>modo</span> <span class='ocrx_word' id='word_1_119' title='bbox 582 1963 634 2018; x_wconf 89' lang='lat' dir='ltr'>per</span> <span class='ocrx_word' id='word_1_120' title='bbox 643 1943 734 2000; x_wconf 90' lang='lat' dir='ltr'>socios</span> <span class='ocrx_word' id='word_1_121' title='bbox 747 1963 780 2001; x_wconf 84' lang='lat' dir='ltr'>ac</span> <span class='ocrx_word' id='word_1_122' title='bbox 793 1963 899 2001; x_wconf 87' lang='lat' dir='ltr'>nomen</span> <span class='ocrx_word' id='word_1_123' title='bbox 913 1945 1062 2016; x_wconf 87' lang='lat' dir='ltr'>Latinum,</span> 
     </span>
     <span class='ocr_line' id='line_1_19' title="bbox 179 2038 1065 2117; baseline 0 -20"><span class='ocrx_word' id='word_1_124' title='bbox 179 2041 328 2101; x_wconf 88' lang='lat' dir='ltr'>interdum</span> <span class='ocrx_word' id='word_1_125' title='bbox 347 2058 399 2115; x_wconf 88' lang='lat' dir='ltr'>per</span> <span class='ocrx_word' id='word_1_126' title='bbox 417 2039 528 2115; x_wconf 89' lang='lat' dir='ltr'>equites</span> <span class='ocrx_word' id='word_1_127' title='bbox 549 2038 703 2110; x_wconf 84' lang='lat' dir='ltr'>Romanos,</span> <span class='ocrx_word' id='word_1_128' title='bbox 721 2057 794 2114; x_wconf 89' lang='lat' dir='ltr'>quos</span> <span class='ocrx_word' id='word_1_129' title='bbox 812 2058 875 2114; x_wconf 87' lang='lat' dir='ltr'>spes</span> <span class='ocrx_word' id='word_1_130' title='bbox 888 2041 1065 2117; x_wconf 81' lang='lat' dir='ltr'>societatisa</span> 
     </span>
     <span class='ocr_line' id='line_1_20' title="bbox 179 2128 1064 2214; baseline 0 -20"><span class='ocrx_word' id='word_1_131' title='bbox 179 2139 263 2214; x_wconf 88' lang='lat' dir='ltr'>plebe</span> <span class='ocrx_word' id='word_1_132' title='bbox 276 2128 445 2206; x_wconf 80' lang='lat' dir='ltr'>dimoveret,</span> <span class='ocrx_word' id='word_1_133' title='bbox 462 2134 658 2192; x_wconf 82' lang='lat' dir='ltr'>Gracchorum</span> <span class='ocrx_word' id='word_1_134' title='bbox 668 2136 830 2193; x_wconf 87' lang='lat' dir='ltr'>actionibus</span> <span class='ocrx_word' id='word_1_135' title='bbox 843 2137 960 2194; x_wconf 84' lang='lat' dir='ltr'>obviam</span> <span class='ocrx_word' id='word_1_136' title='bbox 972 2138 1064 2211; x_wconf 87' lang='lat' dir='ltr'>ierat;</span> 
     </span>
     <span class='ocr_line' id='line_1_21' title="bbox 180 2229 1065 2310; baseline -0.003 -19"><span class='ocrx_word' id='word_1_137' title='bbox 180 2240 210 2292; x_wconf 86' lang='lat' dir='ltr'>et</span> <span class='ocrx_word' id='word_1_138' title='bbox 222 2234 315 2310; x_wconf 90' lang='lat' dir='ltr'>primo</span> <span class='ocrx_word' id='word_1_139' title='bbox 332 2231 489 2301; x_wconf 80' lang='lat' dir='ltr'>Tiberium,</span> <span class='ocrx_word' id='word_1_140' title='bbox 509 2229 576 2286; x_wconf 88' lang='lat' dir='ltr'>dein</span> <span class='ocrx_word' id='word_1_141' title='bbox 594 2250 699 2306; x_wconf 88' lang='lat' dir='ltr'>paucos</span> <span class='ocrx_word' id='word_1_142' title='bbox 717 2237 784 2306; x_wconf 89' lang='lat' dir='ltr'>post</span> <span class='ocrx_word' id='word_1_143' title='bbox 801 2250 892 2288; x_wconf 89' lang='lat' dir='ltr'>annos</span> <span class='ocrx_word' id='word_1_144' title='bbox 906 2232 1007 2289; x_wconf 86' lang='lat' dir='ltr'>eadem</span> <span class='ocrx_word' id='word_1_145' title='bbox 1019 2232 1065 2288; x_wconf 89' lang='lat' dir='ltr'>in·</span> 
     </span>
     <span class='ocr_line' id='line_1_22' title="bbox 179 2326 1064 2405; baseline 0 -18"><span class='ocrx_word' id='word_1_146' title='bbox 179 2329 359 2405; x_wconf 81' lang='lat' dir='ltr'>gredientem</span> <span class='ocrx_word' id='word_1_147' title='bbox 374 2326 484 2397; x_wconf 78' lang='lat' dir='ltr'>Caium,</span> <span class='ocrx_word' id='word_1_148' title='bbox 499 2327 652 2383; x_wconf 89' lang='lat' dir='ltr'>tribunum</span> <span class='ocrx_word' id='word_1_149' title='bbox 665 2328 798 2398; x_wconf 82' lang='lat' dir='ltr'>alterum,</span> <span class='ocrx_word' id='word_1_150' title='bbox 818 2329 943 2386; x_wconf 89' lang='lat' dir='ltr'>alterum</span> <span class='ocrx_word' id='word_1_151' title='bbox 960 2331 1064 2387; x_wconf 86' lang='lat' dir='ltr'>trium-</span> 
     </span>
     <span class='ocr_line' id='line_1_23' title="bbox 179 2423 1060 2499; baseline 0.002 -20"><span class='ocrx_word' id='word_1_152' title='bbox 179 2427 276 2482; x_wconf 84' lang='lat' dir='ltr'>virum</span> <span class='ocrx_word' id='word_1_153' title='bbox 305 2423 425 2481; x_wconf 89' lang='lat' dir='ltr'>coloniis</span> <span class='ocrx_word' id='word_1_154' title='bbox 452 2423 635 2494; x_wconf 87' lang='lat' dir='ltr'>deducendis,</span> <span class='ocrx_word' id='word_1_155' title='bbox 663 2444 730 2481; x_wconf 89' lang='lat' dir='ltr'>cum</span> <span class='ocrx_word' id='word_1_156' title='bbox 754 2424 796 2481; x_wconf 91' lang='lat' dir='ltr'>M.</span> <span class='ocrx_word' id='word_1_157' title='bbox 821 2423 928 2481; x_wconf 81' lang='lat' dir='ltr'>Fulvio</span> <span class='ocrx_word' id='word_1_158' title='bbox 949 2424 1060 2499; x_wconf 84' lang='lat' dir='ltr'>Flacco,</span> 
     </span>
     <span class='ocr_line' id='line_1_24' title="bbox 179 2518 1061 2595; baseline 0.001 -19"><span class='ocrx_word' id='word_1_159' title='bbox 179 2520 255 2576; x_wconf 82' lang='lat' dir='ltr'>ferro</span> <span class='ocrx_word' id='word_1_160' title='bbox 268 2525 428 2578; x_wconf 86' lang='lat' dir='ltr'>necaverat.</span> <span class='ocrx_word' id='word_1_161' title='bbox 470 2519 513 2575; x_wconf 83' lang='lat' dir='ltr'>Et</span> <span class='ocrx_word' id='word_1_162' title='bbox 528 2538 597 2576; x_wconf 89' lang='lat' dir='ltr'>sane</span> <span class='ocrx_word' id='word_1_163' title='bbox 611 2518 756 2588; x_wconf 79' lang='lat' dir='ltr'>Gracchis,</span> <span class='ocrx_word' id='word_1_164' title='bbox 775 2521 910 2595; x_wconf 88' lang='lat' dir='ltr'>cupidine</span> <span class='ocrx_word' id='word_1_165' title='bbox 924 2521 1061 2590; x_wconf 86' lang='lat' dir='ltr'>rictoriae,</span> 
     </span>
     <span class='ocr_line' id='line_1_25' title="bbox 178 2615 1064 2673; baseline 0.001 -1"><span class='ocrx_word' id='word_1_166' title='bbox 178 2615 257 2672; x_wconf 90' lang='lat' dir='ltr'>haud</span> <span class='ocrx_word' id='word_1_167' title='bbox 278 2615 347 2671; x_wconf 86' lang='lat' dir='ltr'>satis</span> <span class='ocrx_word' id='word_1_168' title='bbox 369 2615 534 2672; x_wconf 89' lang='lat' dir='ltr'>moderatus</span> <span class='ocrx_word' id='word_1_169' title='bbox 555 2616 670 2672; x_wconf 88' lang='lat' dir='ltr'>animus</span> <span class='ocrx_word' id='word_1_170' title='bbox 690 2616 754 2672; x_wconf 86' lang='lat' dir='ltr'>fuit.</span> <span class='ocrx_word' id='word_1_171' title='bbox 797 2616 854 2672; x_wconf 83' lang='lat' dir='ltr'>Sed</span> <span class='ocrx_word' id='word_1_172' title='bbox 880 2617 957 2673; x_wconf 88' lang='lat' dir='ltr'>bono</span> <span class='ocrx_word' id='word_1_173' title='bbox 983 2617 1064 2673; x_wconf 87' lang='lat' dir='ltr'>vinci</span> 
     </span>
     <span class='ocr_line' id='line_1_26' title="bbox 179 2711 1065 2788; baseline 0.001 -19"><span class='ocrx_word' id='word_1_174' title='bbox 179 2712 270 2769; x_wconf 86' lang='lat' dir='ltr'>satius</span> <span class='ocrx_word' id='word_1_175' title='bbox 283 2717 334 2781; x_wconf 89' lang='lat' dir='ltr'>cst,</span> <span class='ocrx_word' id='word_1_176' title='bbox 357 2729 444 2786; x_wconf 85' lang='lat' dir='ltr'>quam</span> <span class='ocrx_word' id='word_1_177' title='bbox 458 2711 534 2767; x_wconf 83' lang='lat' dir='ltr'>mulo</span> <span class='ocrx_word' id='word_1_178' title='bbox 551 2730 631 2768; x_wconf 88' lang='lat' dir='ltr'>more</span> <span class='ocrx_word' id='word_1_179' title='bbox 645 2712 783 2786; x_wconf 84' lang='lat' dir='ltr'>injuriam</span> <span class='ocrx_word' id='word_1_180' title='bbox 801 2713 923 2768; x_wconf 84' lang='lat' dir='ltr'>vincere.</span> <span class='ocrx_word' id='word_1_181' title='bbox 966 2712 1065 2788; x_wconf 80' lang='lat' dir='ltr'>Igitur</span> 
     </span>
     <span class='ocr_line' id='line_1_27' title="bbox 179 2805 1064 2877; baseline 0 -13"><span class='ocrx_word' id='word_1_182' title='bbox 179 2829 213 2864; x_wconf 86' lang='lat' dir='ltr'>ea</span> <span class='ocrx_word' id='word_1_183' title='bbox 225 2807 347 2863; x_wconf 83' lang='lat' dir='ltr'>victoria</span> <span class='ocrx_word' id='word_1_184' title='bbox 360 2805 496 2862; x_wconf 84' lang='lat' dir='ltr'>nobilitas</span> <span class='ocrx_word' id='word_1_185' title='bbox 512 2825 549 2864; x_wconf 83' lang='lat' dir='ltr'>ex</span> <span class='ocrx_word' id='word_1_186' title='bbox 565 2807 695 2864; x_wconf 87' lang='lat' dir='ltr'>lubidine</span> <span class='ocrx_word' id='word_1_187' title='bbox 717 2826 769 2864; x_wconf 87' lang='lat' dir='ltr'>sua</span> <span class='ocrx_word' id='word_1_188' title='bbox 785 2826 844 2877; x_wconf 88' lang='lat' dir='ltr'>usa,</span> <span class='ocrx_word' id='word_1_189' title='bbox 867 2808 976 2864; x_wconf 88' lang='lat' dir='ltr'>multos</span> <span class='ocrx_word' id='word_1_190' title='bbox 989 2826 1064 2864; x_wconf 89' lang='lat' dir='ltr'>mor·</span> 
     </span>
     <span class='ocr_line' id='line_1_28' title="bbox 178 2901 1064 2978; baseline 0 -19"><span class='ocrx_word' id='word_1_191' title='bbox 178 2901 251 2959; x_wconf 84' lang='lat' dir='ltr'>tales</span> <span class='ocrx_word' id='word_1_192' title='bbox 274 2902 351 2957; x_wconf 83' lang='lat' dir='ltr'>ferro</span> <span class='ocrx_word' id='word_1_193' title='bbox 378 2907 431 2957; x_wconf 87' lang='lat' dir='ltr'>aut</span> <span class='ocrx_word' id='word_1_194' title='bbox 449 2901 518 2977; x_wconf 84' lang='lat' dir='ltr'>fuga</span> <span class='ocrx_word' id='word_1_195' title='bbox 538 2903 701 2974; x_wconf 79' lang='lat' dir='ltr'>exstinxit3</span> <span class='ocrx_word' id='word_1_196' title='bbox 724 2902 846 2977; x_wconf 90' lang='lat' dir='ltr'>plusque</span> <span class='ocrx_word' id='word_1_197' title='bbox 866 2902 898 2958; x_wconf 88' lang='lat' dir='ltr'>in</span> <span class='ocrx_word' id='word_1_198' title='bbox 918 2903 1064 2978; x_wconf 88' lang='lat' dir='ltr'>reliquum</span> 
     </span>
     <span class='ocr_line' id='line_1_29' title="bbox 178 2994 1063 3073; baseline 0.001 -20"><span class='ocrx_word' id='word_1_199' title='bbox 178 2997 234 3053; x_wconf 89' lang='lat' dir='ltr'>sibi</span> <span class='ocrx_word' id='word_1_200' title='bbox 253 2996 373 3068; x_wconf 86' lang='lat' dir='ltr'>timoris,</span> <span class='ocrx_word' id='word_1_201' title='bbox 395 3016 483 3072; x_wconf 88' lang='lat' dir='ltr'>quam</span> <span class='ocrx_word' id='word_1_202' title='bbox 507 2999 653 3072; x_wconf 83' lang='lat' dir='ltr'>potentiae,</span> <span class='ocrx_word' id='word_1_203' title='bbox 683 2994 803 3054; x_wconf 88' lang='lat' dir='ltr'>addidit.</span> <span class='ocrx_word' id='word_1_204' title='bbox 847 2997 920 3066; x_wconf 74' lang='lat' dir='ltr'>Qua</span> <span class='ocrx_word' id='word_1_205' title='bbox 939 3016 985 3054; x_wconf 89' lang='lat' dir='ltr'>res</span> <span class='ocrx_word' id='word_1_206' title='bbox 1004 2997 1063 3073; x_wconf 88' lang='lat' dir='ltr'>ple-</span> 
     </span>
     <span class='ocr_line' id='line_1_30' title="bbox 178 3091 1064 3168; baseline 0.002 -22"><span class='ocrx_word' id='word_1_207' title='bbox 178 3110 301 3167; x_wconf 87' lang='lat' dir='ltr'>rumque</span> <span class='ocrx_word' id='word_1_208' title='bbox 320 3111 439 3166; x_wconf 84' lang='lat' dir='ltr'>magnas</span> <span class='ocrx_word' id='word_1_209' title='bbox 463 3091 596 3149; x_wconf 75' lang='lat' dir='ltr'>civitates</span> <span class='ocrx_word' id='word_1_210' title='bbox 619 3111 733 3168; x_wconf 89' lang='lat' dir='ltr'>pessum</span> <span class='ocrx_word' id='word_1_211' title='bbox 758 3092 858 3164; x_wconf 89' lang='lat' dir='ltr'>dedit;</span> <span class='ocrx_word' id='word_1_212' title='bbox 887 3093 957 3150; x_wconf 91' lang='lat' dir='ltr'>dum</span> <span class='ocrx_word' id='word_1_213' title='bbox 977 3092 1064 3149; x_wconf 85' lang='lat' dir='ltr'>alteri</span> 
     </span>
     <span class='ocr_line' id='line_1_31' title="bbox 178 3185 1061 3262; baseline 0.002 -22"><span class='ocrx_word' id='word_1_214' title='bbox 178 3185 283 3243; x_wconf 89' lang='lat' dir='ltr'>alteros</span> <span class='ocrx_word' id='word_1_215' title='bbox 295 3187 411 3243; x_wconf 83' lang='lat' dir='ltr'>vincere</span> <span class='ocrx_word' id='word_1_216' title='bbox 425 3188 528 3262; x_wconf 87' lang='lat' dir='ltr'>quovis</span> <span class='ocrx_word' id='word_1_217' title='bbox 545 3189 637 3257; x_wconf 82' lang='lat' dir='ltr'>modu,</span> <span class='ocrx_word' id='word_1_218' title='bbox 657 3195 688 3245; x_wconf 88' lang='lat' dir='ltr'>et</span> <span class='ocrx_word' id='word_1_219' title='bbox 705 3189 796 3245; x_wconf 88' lang='lat' dir='ltr'>victos</span> <span class='ocrx_word' id='word_1_220' title='bbox 810 3189 940 3245; x_wconf 89' lang='lat' dir='ltr'>acerbius</span> <span class='ocrx_word' id='word_1_221' title='bbox 953 3188 1061 3259; x_wconf 89' lang='lat' dir='ltr'>ulcisci,</span> 
     </span>
     <span class='ocr_line' id='line_1_32' title="bbox 178 3279 1063 3358; baseline 0.008 -25"><span class='ocrx_word' id='word_1_222' title='bbox 178 3279 290 3337; x_wconf 86' lang='lat' dir='ltr'>volunt.</span> <span class='ocrx_word' id='word_1_223' title='bbox 332 3281 396 3353; x_wconf 82' lang='lat' dir='ltr'>Sed,</span> <span class='ocrx_word' id='word_1_224' title='bbox 417 3283 453 3339; x_wconf 91' lang='lat' dir='ltr'>de</span> <span class='ocrx_word' id='word_1_225' title='bbox 471 3284 575 3340; x_wconf 88' lang='lat' dir='ltr'>studiis</span> <span class='ocrx_word' id='word_1_226' title='bbox 595 3284 724 3358; x_wconf 86' lang='lat' dir='ltr'>partium</span> <span class='ocrx_word' id='word_1_227' title='bbox 743 3290 773 3340; x_wconf 86' lang='lat' dir='ltr'>et</span> <span class='ocrx_word' id='word_1_228' title='bbox 786 3282 919 3338; x_wconf 90' lang='lat' dir='ltr'>omnibus</span> <span class='ocrx_word' id='word_1_229' title='bbox 933 3281 1063 3340; x_wconf 85' lang='lat' dir='ltr'>civitatis</span> 
     </span>
     <span class='ocr_line' id='line_1_33' title="bbox 179 3373 1063 3453; baseline 0.007 -26"><span class='ocrx_word' id='word_1_230' title='bbox 179 3373 307 3433; x_wconf 84' lang='lat' dir='ltr'>moribus</span> <span class='ocrx_word' id='word_1_231' title='bbox 326 3376 351 3432; x_wconf 83' lang='lat' dir='ltr'>si</span> <span class='ocrx_word' id='word_1_232' title='bbox 371 3377 547 3453; x_wconf 82' lang='lat' dir='ltr'>singulatim,</span> <span class='ocrx_word' id='word_1_233' title='bbox 561 3450 563 3453; x_wconf 23' lang='grc' dir='ltr'>Ι</span> <span class='ocrx_word' id='word_1_234' title='bbox 577 3383 629 3434; x_wconf 89' lang='lat' dir='ltr'>aut</span> <span class='ocrx_word' id='word_1_235' title='bbox 653 3396 706 3453; x_wconf 90' lang='lat' dir='ltr'>pro</span> <span class='ocrx_word' id='word_1_236' title='bbox 731 3377 940 3453; x_wconf 85' lang='lat' dir='ltr'>magnitudine,</span> <span class='ocrx_word' id='word_1_237' title='bbox 962 3395 1063 3452; x_wconf 81' lang='lat' dir='ltr'>parem</span> 
     </span>
    </p>
   </div>
   <div class='ocr_carea' id='block_1_3' title="bbox 0 0 1218 3782">
    <p class='ocr_par' dir='ltr' id='par_1_3' title="bbox 0 0 1218 3782">
     <span class='ocr_line' id='line_1_34' title="bbox 0 0 1218 3782; baseline 0 0"><span class='ocrx_word' id='word_1_238' title='bbox 0 0 1218 3782; x_wconf 95' lang='lat' dir='ltr'> </span> 
     </span>
    </p>
   </div>
  </div>
 </body>
</html>
