2426 3786
353 268 577 330 ulsinum
594 266 803 330 onnam.
983 269 1020 326 41

134 449 225 507 qnam
245 428 361 487 occulte
377 434 494 505 potest:
521 446 580 504 quo
608 428 701 504 magis
727 426 944 505 properandum
967 433 1019 486 est

135 526 233 595 Qusre
245 525 291 583 ita
301 543 356 601 ego
368 542 469 582 seneen
481 545 489 583 ι
510 542 602 601 quum
617 523 729 581 nefario
741 523 861 581 consilio
874 523 1023 581 scelerate

133 638 201 677 rum
221 620 331 677 nivium
357 619 520 695 respublinu
547 619 579 675 in
603 618 731 679 maxima
750 618 879 694 pericula
897 618 1020 689 venerit,

134 713 227 792 hique
241 714 351 773 indicio
366 714 398 774 Τ.
413 714 572 786 Voltureii,
590 719 622 772 et
637 713 800 790 legatorum
817 714 1020 791 Allobrogum,

35 822 38 825 ’
135 810 262 869 annviati
285 810 463 886 eonfessique
482 810 550 881 siut,
572 810 688 877 eadem,
706 810 848 882 incendia,
869 809 928 871 sliu
947 811 1022 868 foeda

134 911 225 982 atque
236 905 366 964 crudelia
378 906 505 967 fucinum
522 905 554 962 in
572 903 649 962 nives
660 905 844 982 patriamque
857 905 1002 981 paravisse
1013 925 1021 977 ς

135 1001 173 1060 de
192 1002 336 1073 mutassis,
364 1001 451 1059 sienti
474 1002 512 1059 de
535 1000 698 1059 manifestis
720 1019 820 1059 rerum
842 1001 1019 1078 capitalium,

132 1116 216 1156 more
229 1097 381 1172 majorum,
395 1096 568 1173 supplitium
581 1095 780 1154 sumendum

196 1191 285 1252 LIII.
326 1192 487 1268 Postquam
503 1191 577 1249 Ceto
594 1191 716 1263 adsedit,
735 1189 899 1248 consulares
912 1208 1019 1261 omnes,

135 1286 266 1364 itemque
278 1294 396 1351 senatus
413 1306 520 1362 magna
534 1306 607 1363 pars,
625 1285 800 1344 sententiam
812 1285 876 1360 ejus
888 1285 1019 1356 laudant,

135 1383 278 1443 virtutem
289 1383 383 1441 animi
394 1383 432 1441 ad
445 1382 549 1443 coelum
559 1382 677 1454 ferunt;
696 1381 749 1439 alii
758 1379 829 1438 alios
838 1380 1021 1456 inorepsntes

135 1476 255 1535 timidos
267 1482 373 1535 voeant
382 1497 392 1549 ;
420 1476 494 1537 osto
513 1477 607 1537 elanus
625 1482 716 1555 atque
733 1494 856 1553 magnus
877 1476 1021 1548 habetur3

135 1571 232 1630 senati
251 1572 396 1630 decretum
420 1572 463 1643 fit,
487 1572 575 1630 sicuti
594 1572 645 1631 ille
667 1577 831 1633 eensueret.
869 1570 927 1629 Sed
947 1571 1021 1629 mihi

135 1667 232 1731 multa
243 1668 360 1744 legenti,
374 1669 469 1726 multa
482 1668 621 1739 audienti,
638 1687 705 1744 quae
722 1668 846 1744 populus
859 1667 1019 1740 Romanus,

133 1762 216 1825 domi
229 1763 408 1840 militiaeque,
427 1765 502 1823 maid
523 1769 612 1840 atque
628 1770 716 1835 terra,
737 1764 877 1839 prseelars
893 1764 1022 1822 iaeinom

135 1860 214 1929 feeit,
237 1860 314 1919 fuste
337 1860 436 1919 lubuit
456 1861 616 1930 attendere,
640 1879 705 1937 quoe
723 1880 770 1920 res
789 1861 917 1921 maxime
936 1865 1021 1918 tanta

135 1956 457 2031 negotiasustinuisset.
486 1956 618 2015 Sciebam
625 1975 822 2034 saepenumero
831 1974 922 2032 parva
931 1974 1020 2012 manu

135 2071 203 2111 eum
216 2055 330 2129 magnis
343 2052 506 2129 legionibus
515 2054 645 2113 bostium
660 2054 862 2113 eontendissez
883 2069 1021 2129 cognove-

134 2165 207 2218 ram,
227 2149 326 2224 parvis
344 2149 435 2224 aopiis
450 2149 528 2206 bella
542 2156 624 2226 gestu
639 2168 706 2209 eum
724 2150 870 2227 npudentis
884 2148 1020 2225 regibus3

133 2243 173 2299 ad
192 2243 255 2316 lion,
276 2263 353 2320 ssepe
372 2246 497 2305 fortunas
516 2246 688 2306 violentiam
707 2248 875 2305 toleravisse
884 2267 893 2320 3
920 2247 1019 2306 fanun-

134 2337 184 2394 dia
205 2337 329 2411 Gradus,
352 2340 534 2414 gloriabelli
554 2342 652 2400 (tullos
670 2348 739 2402 ante
755 2343 904 2401 Romanos
921 2344 1016 2404 fuisse.

131 2433 182 2493 Ae
199 2434 274 2493 mibi
293 2435 388 2495 multe
407 2436 533 2512 agitanti
552 2439 711 2510 constabat,
732 2456 891 2515 pensorum
910 2438 1016 2496 civium

133 2531 281 2605 egregiam
293 2530 441 2589 «virtutem
460 2538 566 2591 nauata
584 2535 744 2609 patravisse
753 2555 763 2608 3
787 2553 879 2611 euque
898 2535 1016 2607 fantum,

133 2626 182 2682 uti
188 2626 309 2684 divitias
316 2632 480 2702 paupertas,
490 2628 713 2687 multitudinem
721 2630 851 2706 paucitas
859 2637 1015 2707 superaret.

133 2720 193 2779 Sed
205 2727 360 2798 postquam
377 2723 453 2780 luxu
465 2729 554 2801 atque
566 2725 677 2783 desidia
693 2726 797 2784 civitas
814 2732 952 2803 surrupta
963 2732 1016 2796 est,

127 2835 234 2875 mrem
246 2817 409 2893 respublica
422 2819 623 2895 magnitudine
642 2839 696 2878 sua
706 2821 916 2897 imperatorum
928 2827 1017 2896 atque

126 2911 358 2988 ‚magistuatuum
375 2912 449 2971 vitia
462 2916 646 2973 sustentabat
653 2935 663 2990 3
674 2933 716 2987 aa,
730 2917 818 2977 sicuti
831 2917 919 2975 effeta
929 2919 1016 2971 aetute

125 3012 297 3083 parentum,
317 3008 420 3066 multis
439 3010 662 3085 tempestatibus
679 3010 758 3069 baud
776 3010 1015 3087 unusquisquam

123 3102 237 3160 ,Romae
254 3102 366 3162 virtute
385 3121 507 3179 magnus
526 3104 593 3164 fuit.
633 3104 699 3176 Sed,
720 3104 860 3165 memoria
878 3121 950 3174 mea,
973 3103 1017 3159 in-

132 3198 217 3274 genti
226 3196 347 3269 via-tntu
361 3198 483 3259 diversis
495 3199 626 3259 moribus
637 3199 719 3258 fuere
730 3198 865 3268 viridas,
877 3196 919 3256 M.
930 3196 1015 3267 (isto,

133 3299 165 3352 et
183 3292 216 3354 Ο,
239 3292 352 3368 (laeam
381 3312 461 3373 qnos,
482 3294 621 3372 quoniam
646 3312 693 3353 res
715 3292 869 3365 obtulerat,
897 3291 1015 3359 edentia
