2426 3786
348 216 570 288 turoam
595 222 795 291 Ourima
978 228 1015 296 dl

129 381 214 441 dium
243 385 333 458 atque
360 380 495 439 letitiam
517 378 675 457 agitabant
718 382 854 460 Namque
869 385 929 446 alia
947 386 1017 450 belli

129 476 262 536 facinora
278 476 381 554 pracda
398 477 498 552 magis,
521 494 609 552 quam
630 477 805 537 detrimento
821 481 900 555 fore-3
920 482 1019 541 incen-

43 614 47 622 .
129 572 214 630 dium
226 591 298 630 vero
315 571 439 643 crudele,
458 572 691 645 immoderatum,
713 594 748 632 ac
765 576 822 634 sibi
833 579 961 637 maxime
973 600 1020 638 ca·
1041 623 1048 652 ι.

129 668 298 726 lamitosum
311 666 454 743 putabat3
468 667 575 743 quippe
585 667 632 726 cui
643 687 742 728 omnes
749 672 837 749 copia
846 673 879 730 in
887 693 943 732 usu
951 694 1020 751 quo-

128 763 245 823 tidinno
255 768 285 820 et
293 761 375 819 cultu
385 761 511 837 corporis
519 767 611 820 eraut.
646 762 717 822 Post
730 767 891 840 cumdium,
900 769 1019 845 quidam

130 858 168 919 L.
187 857 364 936 Tarquinius
390 858 429 916 ad
455 864 589 918 senatum
616 859 759 920 adductus
778 868 849 935 crat,
873 883 962 940 quem
980 865 1019 923 ad

129 956 291 1014 Catilinam
304 954 532 1032 proficiscentem
545 972 584 1011 ex
600 954 707 1013 itinere
719 962 878 1015 retractum
892 958 1017 1021 aiebant.

130 1051 244 1111 Iseum
257 1070 289 1111 se
302 1051 412 1109 diceret
422 1050 622 1113 indicaturum
634 1051 671 1108 de
684 1052 891 1128 conjuratione,
909 1054 938 1112 si
947 1055 1019 1114 fides

129 1146 248 1224 publica
261 1146 330 1205 data
342 1153 431 1220 essst3
445 1147 572 1223 jussura
580 1146 706 1221 consule,
717 1167 782 1224 quas
790 1149 883 1222 sciret,
898 1149 1017 1224 edicere,

130 1243 234 1319 cadem
253 1244 321 1317 fere,
341 1263 407 1322 qua
426 1244 609 1317 Volturcius,
631 1244 667 1302 de
686 1244 796 1320 paratis
815 1244 966 1319 incendiis,
982 1247 1020 1306 de
1081 1305 1085 1312 ,

130 1341 210 1400 cade
228 1342 379 1413 bonorum,
397 1343 435 1399 de
453 1340 560 1400 itinere
578 1340 716 1414 hostium,
742 1345 876 1399 senatum
899 1341 1017 1404 edocet:
1095 1340 1099 1349 '

130 1444 279 1518 praterea,
302 1443 359 1496 “se
376 1439 495 1496 missum
511 1459 531 1497 a
547 1438 591 1499 M.
607 1438 719 1508 Crasso,
731 1437 785 1517 qui
798 1437 932 1496 Catilina
945 1459 1018 1506 nun-

57 1582 60 1593 ,
131 1535 231 1606 claret,
251 1552 290 1591 ne
306 1553 374 1591 eum
391 1533 542 1606 Lentulus,
562 1541 593 1592 et
612 1534 766 1611 Cethegus,
780 1533 889 1613 aliique
902 1553 940 1593 ex
952 1555 1019 1593 con·

127 1629 278 1709 juratione
291 1629 462 1706 deprehensi
471 1637 634 1703 terrerent3
653 1647 745 1706 eoque
754 1631 845 1706 magis
852 1639 1019 1706 properaret

131 1725 171 1784 ad
183 1724 287 1784 urbem
299 1725 441 1797 accedere,
455 1744 514 1802 quo
527 1731 557 1782 et
574 1731 735 1782 ceterorum
753 1725 867 1782 animos
879 1725 1016 1800 reficeret,

130 1825 165 1880 et
183 1818 229 1878 illi
246 1819 360 1878 facilius
378 1840 394 1879 c
413 1820 542 1898 periculo
560 1820 768 1896 eriperentur.”
809 1820 867 1879 Sed
882 1824 934 1881 ubi
949 1823 1018 1881 Tor·

130 1916 253 1994 quinius
273 1915 409 1975 Orossum
428 1915 601 1988 nominavit,
615 1915 763 1973 hominem
776 1916 911 1989 nobilem,
926 1920 1019 1976 maxiss

132 2011 191 2070 mis
210 2012 332 2085 divitiis,
356 2030 470 2071 summa
487 2012 618 2089 potentia
627 2031 637 2085 3
657 2012 716 2085 alii,
737 2030 801 2069 rem
820 2013 1019 2072 incredibilem
1071 2010 1076 2026 “

133 2108 211 2182 rati3
230 2126 307 2186 pars,
321 2114 420 2167 tamen
433 2109 598 2168 etsiverum
607 2109 823 2181 existimabant,
833 2116 940 2183 tamen,
949 2110 1019 2188 quia

133 2203 167 2263 in
178 2204 234 2264 tali
246 2211 377 2282 tempore
389 2211 475 2264 tanta
487 2206 533 2264 vis
545 2204 671 2263 hominis
688 2204 831 2278 lenienda,
852 2225 940 2282 quam
953 2225 1019 2264 exa·

134 2298 256 2378 gitanda
267 2301 442 2376 videbatur3
462 2299 594 2379 plerique
603 2301 705 2358 Orosso
712 2320 749 2359 ex
759 2300 883 2376 negotiis
895 2302 1019 2377 privatis

135 2395 263 2468 obnoxii,
285 2395 474 2468 conclamant,
496 2395 649 2453 “indicem
668 2394 799 2467 falsum,”
819 2396 913 2472 deque
934 2417 968 2455 ea
986 2417 1018 2455 re

134 2491 286 2569 postulant
304 2491 352 2548 uti
370 2491 522 2551 referatur.
563 2491 676 2568 Itaque,
690 2489 860 2573 consulente
871 2491 1017 2571 Cicerppe,

135 2585 272 2662 frequens
284 2591 403 2645 senatus
412 2586 557 2646 decernit:
576 2585 753 2662 “Tarquinii
764 2585 905 2645 indicium
915 2589 1019 2647 falsum

135 2681 252 2758 viderip
269 2703 393 2761 eumque
402 2685 435 2743 iu
442 2684 568 2743 vinculis
580 2682 774 2756 retinendum,
787 2703 883 2761 neque
895 2686 1019 2762 amplius

136 2784 311 2856 potestatem
323 2784 494 2856 faciendam,
511 2783 570 2841 nisi
587 2783 623 2840 de
641 2801 675 2840 eo
688 2780 837 2854 iudicaret,
859 2783 942 2859 cujus
954 2801 1020 2841 con-

135 2877 201 2936 silio
215 2882 331 2937 tantam
349 2899 412 2938 rem
428 2878 570 2937 mentitus
588 2878 687 2936 easetl'
726 2875 821 2934 Erant
834 2896 868 2935 eo
882 2883 1017 2952 tempore,

136 2975 187 3053 qui
200 2977 386 3050 [estimarent
398 2975 475 3033 illud
491 2994 509 3032 a
527 2974 563 3032 P
581 2972 730 3031 Autronio
741 2972 947 3043 machinatum,
960 2989 1080 3077 quo

134 3072 259 3146 facilius,
277 3073 424 3151 adpellsto
442 3073 554 3145 Crasso,
570 3091 624 3149 per
640 3071 808 3129 societatem
820 3067 942 3146 periculi
953 3068 1019 3126 reli·
1071 3116 1077 3129 .
1197 3032 1198 3075 l

136 3184 209 3244 ques
222 3166 303 3226 illius
319 3167 451 3244 potentia
465 3172 585 3244 tegeret.
625 3165 691 3223 Alii
707 3163 898 3241 Tarquinium
910 3182 929 3220 a
942 3161 1021 3222 (lice-

134 3280 208 3320 rons
220 3262 384 3320 immissum
395 3263 522 3335 aiebant,
535 3281 574 3320 ue
585 3259 712 3333 Crassus,
726 3277 806 3316 more
822 3277 875 3316 suo
887 3265 1020 3337 suscepto

136 3359 281 3418 malorum
292 3360 462 3437 patrocinio,
478 3358 685 3435 rempublicam
697 3355 893 3417 conturbaret
918 3354 1021 3432 Ipsum
