2426 3790
335 261 565 321 sionnam]
587 262 614 319 J
617 262 824 326 novumn.
986 265 1021 323 31

134 415 238 474 amicis
254 415 325 473 satis
339 415 467 491 presidii
482 421 533 487 est,
554 415 633 491 quod
653 435 754 474 eorum
771 415 863 473 alium
883 417 1038 474 conscien-¹

136 512 297 581 emeliam
312 513 389 569 mala
404 512 482 569 fama
497 516 527 570 et
543 513 632 570 timor
648 513 825 588 impediebat
830 533 839 585 ;
858 513 1023 588 Bomilcari,

136 609 270 686 proximo
300 627 334 665 ac
366 609 494 665 maxime
527 607 587 665 fido
622 609 687 675 sibi,
722 609 855 684 imperat,
895 610 1022 685 “pretio,

136 703 224 760 sicuti
247 704 342 761 multa
367 705 537 775 confecerat,
564 693 748 762 insidiatores
774 705 910 762 Massivae
930 713 1022 780 paret,

136 816 171 854 ac
196 798 324 856 maxime
349 799 461 856 occulte
467 819 477 871 5
498 798 545 856 sin
567 798 599 855 id
621 818 726 875 parum
748 801 892 874 procedat,
920 802 1024 875 quovis

136 894 222 951 modo
240 894 401 952 Numidam
421 895 605 954 interficiat''
645 896 793 954 Bomilcar
813 904 928 956 mature
947 899 1023 974 regis

136 990 276 1048 mandata
303 993 490 1067 exsequitur:
517 997 554 1063 et,
583 1010 635 1069 per
660 991 794 1049 homines
819 994 887 1050 talis
912 994 1024 1070 negotii

136 1085 272 1157 artifices,
287 1086 394 1144 itinera
409 1105 596 1164 egrmsusque
611 1086 681 1163 ejus,
698 1095 843 1162 postremo
859 1089 922 1146 loca
934 1095 1023 1165 atque

138 1187 270 1256 tempora
288 1188 393 1238 cuncta
408 1182 559 1257 explorat:
580 1183 691 1254 deinde,
709 1182 761 1239 ubi
780 1202 826 1241 res
845 1182 1021 1258 postulabat,

138 1276 257 1334 insidias
280 1277 383 1334 tendit.
425 1278 524 1352 Igitur
544 1299 620 1336 unus
646 1298 685 1336 ex
707 1298 742 1336 eo
763 1298 884 1337 numero
907 1282 960 1356 qui
985 1282 1023 1339 ad

136 1372 245 1430 caedem
263 1374 367 1448 parati,
386 1374 484 1449 paullo
503 1374 698 1432 inconsultius
715 1374 874 1432 Massivam
893 1376 1023 1451 adgredi-

139 1476 196 1541 tur,
223 1472 306 1528 illum
333 1472 507 1529 obtruncat:
534 1472 585 1528 sed
607 1472 669 1547 ipse
696 1472 896 1549 deprehensus,
922 1474 1023 1531 multis

138 1566 331 1635 hortantibus,
355 1574 386 1625 et
410 1568 443 1625 in
466 1568 568 1644 primis
590 1567 702 1625 Albino
729 1567 854 1639 consule,
881 1568 1023 1626 indicium

137 1663 300 1738 profitetur.
342 1662 393 1719 Fit
411 1681 479 1720 reus
497 1663 590 1737 magis
610 1682 648 1720 ex
668 1683 751 1738 aequo
774 1664 914 1739 bonoque,
934 1683 1023 1740 quam

43 1776 46 1783 ’
138 1748 180 1815 ex‘
195 1758 263 1834 jure
285 1761 425 1834 gentium,
446 1759 600 1831 Bomilcar,
620 1778 716 1817 comes
737 1761 799 1834 ejus
822 1762 874 1835 qui
897 1760 1023 1818 Romam
1102 1790 1105 1796 Δ

138 1854 195 1913 fide
214 1856 331 1931 publica
347 1862 475 1914 venerat.
517 1857 563 1912 At
580 1855 737 1930 Jugurtha,
756 1856 928 1913 manifestus
945 1857 1023 1914 tanti

137 1950 261 2023 sceleris,
285 1970 345 2008 non
367 1953 448 2028 prius
471 1952 569 2008 omisit
594 1957 695 2008 contra
717 1970 819 2008 verum
844 1951 910 2022 niti,
934 1971 1023 2027 quarn

138 2048 269 2105 animum
301 2048 436 2118 advertit,
474 2067 563 2123 supra
594 2048 717 2123 gratiam
748 2053 837 2123 atque
869 2046 1023 2122 pecuniam

137 2160 222 2203 suam
233 2145 374 2203 invidiam
384 2145 454 2201 lacti
466 2163 534 2203 esse.
576 2144 681 2218 Igitur,
696 2162 872 2220 quamquem
885 2142 1022 2217 inpriore

138 2240 252 2298 actione
272 2261 309 2298 ex
328 2241 428 2298 amicis
447 2242 660 2317 quinquaginta
677 2242 765 2298 vades
786 2242 912 2309 dederat,
933 2258 1024 2314 reguo

138 2338 238 2411 magis,
259 2356 347 2412 quam
365 2336 496 2407 vadibus,
518 2336 677 2408 consulens,
699 2337 773 2392 clam
793 2336 827 2391 in
850 2335 1023 2393 Numidiam

139 2430 332 2491 Bomilcarem
356 2432 489 2501 dimittit,
513 2432 632 2502 veritus,
659 2450 697 2488 ne
723 2432 848 2506 reliquos
870 2432 1024 2507 populares

138 2532 235 2603 metus
257 2528 409 2584 invaderet
431 2526 553 2602 parendi
574 2526 638 2597 sibi,
663 2527 688 2583 si
715 2526 751 2583 de
776 2527 829 2583 illo
849 2510 1031 2603 supplicium·

139 2628 269 2680 sumtum
288 2623 371 2681 foret.
413 2622 454 2679 Et
477 2621 538 2697 ipse
558 2622 658 2698 paucis
680 2620 781 2678 diebus
804 2623 948 2697 profectus
969 2629 1022 2693 est,

134 2718 234 2793 jussus
246 2718 284 2773 ab
294 2724 397 2774 senatu
407 2716 495 2773 Italia
507 2716 650 2773 decedere.
692 2715 750 2773 sed
762 2723 915 2792 postquam
928 2718 1024 2774 Roma

138 2831 269 2887 egressus
284 2818 338 2884 est,
356 2813 456 2882 fertur,
473 2830 547 2886 saepe
563 2830 596 2867 eo
613 2810 719 2868 tacitus
734 2812 896 2886 respiciens,
914 2820 1023 2887 postre-

138 2925 187 2963 mo
205 2907 320 2978 dixisse,
334 2920 436 2963 suurn
451 2921 593 2962 vsuunnu
609 2920 646 2960 nr
661 2920 785 2961 usrusn
800 2921 980 2976 immensu,
996 2921 1023 2961 s1

137 3018 298 3059 mnossn
313 3003 495 3077 ruunuuurrl

198 3095 359 3156 XXXVI.
400 3095 525 3153 Interim
537 3094 674 3165 Albinus,
691 3100 829 3152 renovato
846 3094 929 3163 bello,
947 3114 1023 3152 com-

139 3203 277 3269 meatum,
289 3196 474 3273 stipendium,
486 3195 599 3271 aliaque
610 3213 673 3272 quse
685 3196 829 3253 militibus
838 3194 904 3251 usui
916 3195 1022 3266 forent,

138 3284 269 3352 maturat
290 3293 323 3350 in
343 3292 475 3349 Africam
494 3298 609 3367 portare
618 3311 628 3364 3
652 3310 686 3348 ac
709 3293 809 3352 statim
832 3293 894 3367 ipse
916 3293 1024 3367 profec-

139 3400 197 3469 tus,
212 3395 259 3453 uti
271 3398 339 3452 ante
355 3392 480 3464 comitia,
495 3393 573 3469 quod
588 3397 702 3469 tempus
718 3392 796 3449 haud
814 3392 899 3468 longe
913 3393 1022 3464 aberat,
