2426 3786
351 242 452 311 slat
459 248 575 309 USPII
600 250 804 315 carleuil.
1004 247 1022 315 '5

135 399 220 460 metu
232 394 366 479 perculsi,
385 422 403 459 a
415 403 551 479 periculis
564 405 692 464 aberant.
718 394 720 401 ’
733 407 779 464 At
793 408 930 479 Romani,
943 407 1022 467 domi

134 498 308 574 militiaeque
328 499 442 570 intenti,
462 500 607 569 festinare,
629 520 739 578 parare,
757 503 831 560 alius
849 503 941 561 alium
957 504 1022 563 hor-

133 595 212 666 tari3
231 594 362 651 hostibus
375 595 489 651 obviam
501 595 565 667 ire;
585 597 758 669 libertatem,
774 599 908 674 patriam,
921 619 1021 676 paren·
1096 653 1099 663 .

133 694 237 764 tesque
249 689 338 746 armis
350 694 467 765 tegere:
487 696 560 766 post,
578 691 630 748 ubi
648 693 775 767 pericula
794 695 905 752 virtute
917 714 1021 771 propu-

134 784 239 856 lerant,
253 784 337 841 sociis
348 790 437 861 atque
446 785 664 844 amicisauxilia
677 778 836 864 portabant
842 807 852 862 3
871 792 1020 867 magisque

133 881 239 938 dandis
256 900 343 959 quam
360 882 533 958 accipiendis
550 883 696 940 beneficiis
709 884 852 942 amicitias
866 887 1017 962 parabant.

135 977 297 1054 Imperium
310 978 482 1053 legitimum,
495 997 603 1035 nomeu
613 980 727 1055 imperii
736 981 848 1057 regium
858 983 1004 1041 habebant
1011 1003 1020 1057 3

134 1074 247 1146 delecti,
262 1073 367 1150 quibus
384 1092 487 1150 corpus
503 1074 588 1131 annis
604 1077 760 1148 infirmum,
779 1077 929 1153 ingenium
947 1081 1021 1156 sapi-

134 1170 215 1226 entia
227 1170 367 1240 validum,
381 1170 547 1245 reipublice
560 1170 763 1228 consultabant
774 1189 783 1243 3
805 1172 845 1244 hi,
860 1176 909 1232 vel
922 1181 1017 1246 aetate,

133 1264 182 1321 vel
202 1282 279 1322 curae
300 1264 500 1336 similitudine,
524 1264 641 1322 Parrus
664 1265 893 1340 appellabantur.
935 1269 1016 1339 Post,

134 1357 186 1415 ubi
202 1358 314 1434 regium
331 1358 494 1433 imperium,
515 1359 593 1434 quod
609 1360 696 1417 initio
713 1362 914 1419 conservanda
934 1363 1019 1420 liber-

133 1455 204 1510 tatis
225 1459 315 1530 atque
334 1454 471 1530 augendae
491 1456 656 1530 reipublicae
674 1456 777 1530 fuerat,
799 1457 832 1514 in
855 1459 1018 1533 superbiam

133 1551 417 1626 dominationemque
430 1551 582 1622 convertit,
593 1550 747 1608 immutato
757 1571 845 1622 more,
855 1571 952 1609 annua
964 1553 1018 1610 im·

132 1649 222 1724 peria,
236 1648 377 1724 binosque
389 1649 577 1723 imperatores
599 1647 655 1703 sibi
672 1648 783 1705 fecere:
803 1667 838 1704 eo
859 1646 945 1705 modo
964 1649 1018 1706 mi·

132 1744 211 1801 nime
225 1762 306 1820 posse
319 1744 463 1819 putabant
476 1763 528 1820 per·
540 1743 688 1802 licentiam
705 1743 874 1803 insolescere
887 1743 1017 1801 animum

132 1838 302 1900 humanum.

137 1966 141 1971 ’
191 1937 268 1996 VII.
311 1935 368 1995 ssd
395 1956 430 1994 ea
452 1940 625 2013 tempestate
645 1954 754 2013 ooepere
773 1955 805 1995 se
824 1937 947 2013 quisque
966 1957 1017 1995 ex-

131 2032 244 2101 tollere,
257 2035 406 2110 magisque
423 2035 572 2110 ingenium
586 2034 617 2090 in
631 2040 768 2109 promptu
781 2032 895 2090 habere.
935 2031 1015 2089 Nam
1049 2112 1052 2118 Ι

132 2131 248 2206 regibus
261 2130 338 2197 boni,
355 2149 443 2205 quam
456 2130 533 2200 mali,
552 2127 741 2204 suspectiores
754 2133 832 2199 sunt,
846 2145 1016 2205 semperque
1100 2166 1107 2177 ·

130 2226 177 2284 his
198 2227 296 2283 aliena
316 2226 410 2282 virtus
427 2225 611 2281 formidolosa
628 2230 679 2281 cst
721 2222 779 2280 Sed
792 2222 907 2294 civitas,
919 2221 1012 2281 iucre-

130 2321 220 2379 dibile
233 2326 395 2378 memoratu
417 2325 469 2390 est,
491 2319 597 2394 adepta
613 2318 756 2388 libertate,
776 2323 920 2393 quantum
932 2318 1014 2379 brevi

129 2420 271 2478 creverit:
291 2424 376 2476 tanta
388 2418 493 2493 cupido
500 2416 598 2492 gloriae
609 2416 770 2472 incesserat
805 2413 827 2472 J
828 2433 876 2470 am
884 2414 1013 2489 primum

125 2516 274 2591 juventus,
289 2515 377 2572 simul
393 2513 500 2570 laboris
516 2531 550 2568 ac
568 2510 638 2569 belli
655 2510 767 2586 patiens
781 2515 853 2581 erat,
866 2510 899 2570 iu
911 2510 1013 2567 castris

128 2628 181 2687 per
193 2628 279 2667 usum
291 2610 428 2667 militiam
438 2608 584 2665 discebat:
605 2607 755 2682 magisque
764 2606 796 2663 in
806 2605 915 2663 decoris
925 2606 1013 2663 armis

128 2711 159 2761 et
177 2705 355 2762 militaribus
370 2705 460 2780 equis,
481 2721 569 2779 quarn
586 2703 619 2760 in
638 2702 740 2759 scortis
756 2707 846 2778 atque
861 2701 1009 2774 conviviis,

128 2801 289 2865 lubidinem
311 2800 465 2869 habebant.
508 2799 606 2874 Igitur
628 2798 737 2855 talibus
755 2797 827 2854 viris
849 2816 910 2855 non
932 2798 1011 2855 labos

128 2896 270 2969 insolitus,
290 2914 352 2953 non
368 2895 448 2953 locus
468 2893 546 2951 ullus
563 2897 714 2968 asperent
730 2890 839 2948 arduus
859 2896 929 2961 erat,
951 2907 1010 2947 nou

127 2998 257 3050 armatus
274 2993 365 3050 hostis
380 2990 599 3050 formidolosus:
619 2989 714 3046 virtus
730 2987 827 3045 omnia
850 2987 1008 3047 domuerat

128 3089 184 3147 Sed
197 3090 295 3165 gloria
308 3089 469 3146 maximum
481 3092 627 3147 certamen
640 3086 718 3142 inter
730 3083 806 3159 ipsos
820 3088 882 3139 erat
892 3102 909 3147 :⁴
919 3082 961 3139 sio
977 3101 1010 3141 sc

127 3187 249 3262 quisque
276 3184 390 3242 hostem
417 3184 511 3254 ferire,
536 3199 654 3241 murum
677 3178 855 3248 adscendere,
882 3177 1009 3252 conspici

127 3280 197 3339 dum
226 3281 285 3338 talc
312 3281 423 3338 facinus
451 3280 567 3350 faceret,
593 3275 785 3353 properabat,
809 3290 861 3337 aas
881 3270 1006 3343 divitias,

127 3395 189 3438 cam
202 3374 308 3437 bonam
320 3375 427 3457 famam
439 3389 630 3450 magnamque
650 3369 832 3428 nobilitatem
844 3367 989 3444 putabant
996 3385 1007 3449 ,j
