2426 3790
9 3110 12 3267 i

348 238 572 300 arricum
595 198 833 299 Jecurrrrr.
996 242 1034 302 85

148 394 263 472 gurtha,
289 394 359 451 dum
383 398 546 450 sustentare
567 410 641 463 suos,
661 396 692 448 et
712 411 801 467 prope
818 392 881 468 jam
900 393 1035 470 adeptam

148 490 302 547 victoriam
328 490 453 545 retinere
472 487 560 562 cupit,
583 489 798 545 circumventus
820 488 858 544 ab
878 490 1033 564 equitibue,
1074 551 1077 557 ,

147 586 260 655 dextre,
274 585 399 655 sinistra,
421 583 556 640 omnibus
575 585 683 649 occisis,
703 584 782 641 eolus
802 585 881 642 inter
893 587 953 643 tela
971 587 1035 645 hos-

148 682 225 738 tium
236 681 414 737 vitabundus
428 681 560 755 erumpit.
603 679 706 755 Atque
720 682 839 738 interim
852 681 975 755 Marius,
991 683 1035 740 fu·

66 796 68 800 ’
148 778 224 852 gatis
244 775 400 852 equitibus,
423 775 548 830 occurrit
570 774 681 831 auxilio
704 776 771 845 suis,
795 794 867 851 quoe
887 778 957 852 pelli
972 778 1035 853 jam

148 877 306 946 acceperat.
347 869 484 944 Denique
502 869 600 927 hostes
620 870 748 944 undiquc
762 870 848 931 fini·
870 872 946 929 Tum
959 893 1035 948 spec

148 969 279 1026 taculum
299 966 438 1023 horribile
458 967 567 1041 campis
587 967 775 1041 patentibus:
804 967 893 1042 sequi,
918 968 1034 1044 fugere3

147 1064 247 1134 occidi,
269 1062 348 1138 capi3
376 1061 453 1136 equi,
473 1062 530 1119 viri
550 1062 680 1119 adflicti:
701 1081 736 1118 ac
751 1062 846 1132 multi,
866 1063 1036 1121 vulneribus

147 1159 280 1234 acceptis,
297 1176 390 1232 neque
403 1158 502 1232 fugere
516 1176 605 1232 posse,
620 1176 714 1231 neque
729 1159 858 1233 quietem
877 1160 940 1235 pati
948 1179 958 1232 ,·
978 1162 1035 1218 niti

149 1255 242 1325 ruodo,
258 1273 291 1309 nc
309 1253 408 1309 statim
421 1251 588 1310 concidere:
609 1258 754 1327 postremo
768 1252 943 1329 omniaque
956 1255 1036 1313 visus

148 1355 219 1421 erat,
242 1354 390 1406 constrata
406 1347 480 1417 telin,
504 1347 599 1417 armia
625 1347 813 1406 cadaveribus
819 1369 829 1420 ;
852 1354 882 1405 et
902 1349 981 1408 inter
1001 1370 1036 1411 ea

148 1447 256 1505 humus
269 1447 377 1504 infecte
388 1446 536 1521 sanguine,

208 1542 277 1601 ΟΠ.
320 1542 427 1600 Postea
446 1542 502 1598 loci
518 1540 626 1612 consul,
645 1541 724 1599 haud
742 1541 830 1598 dubie
848 1542 910 1616 jem
931 1542 1035 1610 victor,

149 1640 283 1715 pervenit
302 1638 335 1694 in
353 1636 489 1711 oppidum
509 1634 629 1706 Cirtam,
651 1656 710 1712 quo
728 1636 815 1692 initio
831 1638 976 1712 profectus
994 1639 1037 1694 in·

150 1736 291 1792 tenderat.
334 1733 378 1790 Eo
396 1737 462 1807 poet
479 1731 558 1788 diem
579 1732 724 1807 quintum,
739 1752 826 1807 quam
846 1734 955 1789 iterum
974 1733 1037 1790 bar-

150 1831 214 1888 bari
234 1829 311 1887 male
331 1832 539 1903 pugnaverant,
560 1826 649 1899 legati
667 1847 684 1883 a
702 1826 816 1883 Boccho
833 1827 964 1894 veniunt,
985 1828 1037 1903 qui

150 1926 226 2001 regis
239 1924 334 1983 verbis
347 1924 383 1980 ab
405 1922 501 1979 Mario
514 1921 650 1997 petivere,
674 1922 758 1979 “duo
777 1941 865 1996 quam
884 1923 1037 1980 fidissimos

150 2023 189 2082 ad
208 2041 276 2078 eum
297 2020 447 2085 mitteret:
475 2017 550 2075 velle
570 2017 606 2074 de
626 2036 664 2086 ee,
684 2023 715 2074 et
732 2018 769 2074 de
790 2018 891 2093 populi
910 2018 1037 2078 Romani

151 2117 308 2187 commodo,
322 2135 389 2172 cum
403 2115 440 2170 iie
452 2112 617 2170 disserere.'¹
653 2112 709 2170 Ille
723 2116 822 2171 statim
837 2114 868 2173 L.
883 2113 995 2172 Sullam
1008 2122 1038 2173 et

152 2217 191 2273 A.
207 2213 353 2271 Manlium
371 2211 414 2267 ire
427 2211 520 2285 jubet.
563 2210 622 2279 Qui
638 2230 814 2285 quamquam
837 2211 923 2269 acciti
943 2212 1035 2282 ibant,

151 2318 251 2367 tamen
264 2309 374 2385 placuit
387 2309 476 2362 verba
487 2305 566 2381 apud
579 2325 676 2381 regem
690 2307 781 2385 facere
788 2326 797 2377 3
819 2307 968 2383 ingenium
986 2316 1038 2366 aut

152 2426 286 2468 aversum
301 2408 345 2463 uti
359 2406 515 2473 flecterent,
530 2411 583 2461 ant
595 2404 733 2479 cupidum
746 2405 826 2480 pacis
836 2406 1039 2464 vehementius

152 2503 348 2561 accenderent.
392 2500 499 2577 Itaque
511 2501 602 2573 Sulla,
612 2502 695 2576 cujus
708 2502 858 2574 facundiae,
874 2522 935 2560 non
948 2505 1038 2575 aetati,

152 2599 293 2659 aMnnlio
307 2616 480 2667 concessum,
495 2616 587 2673 pauca
599 2598 687 2655 verba
696 2596 896 2673 hujuscemodi
908 2599 1038 2660 locutus:

155 2696 251 2752 “Rex
270 2694 390 2762 Bocche,
411 2711 516 2768 magna
535 2694 618 2750 nobis
633 2693 737 2750 latitia
753 2701 806 2765 eet,
821 2714 887 2752 cum
905 2702 936 2752 te
950 2695 1040 2753 talem

154 2790 251 2846 virum
263 2789 295 2846 di
308 2802 454 2857 monuere,
469 2789 514 2846 nti
527 2788 683 2864 aliquando
697 2809 803 2865 pacem,
819 2809 908 2866 quam
921 2791 1038 2859 bellum,

154 2885 273 2944 mallee:
297 2904 357 2942 neu
380 2891 410 2941 te
431 2885 575 2959 optimum
598 2903 664 2945 cum
683 2885 807 2961 pessimo
831 2885 963 2942 omnium
985 2882 1040 2940 Ju·

153 2979 262 3055 gurtha
274 2978 420 3036 miscendo
440 2979 683 3050 commacularer5
702 2979 790 3038 simul
809 2979 893 3037 nobie
913 2979 1041 3036 demeres

155 3076 287 3134 acerbam
307 3075 557 3146 necessitudinem,
570 3075 679 3151 pariter
692 3081 723 3133 te
742 3081 888 3132 errantem
907 3082 939 3130 et
956 3074 1041 3131 illum

155 3172 407 3229 sceleratissimum
424 3171 570 3246 persequi.
609 3170 661 3229 Ad
688 3171 750 3242 hoc,
778 3169 885 3245 populo
909 3167 1042 3225 Romano

152 3270 215 3342 jam
239 3288 256 3324 a
279 3268 420 3343 principio
442 3264 545 3347 [inopi]
566 3266 671 3324 melius
691 3267 795 3335 visum,
815 3264 930 3335 amicos,
955 3284 1044 3340 quam

10 3400 16 3625 ι
156 3380 262 3435 cervos,
286 3380 429 3437 quaerere:
451 3360 545 3419 tutius
558 3361 616 3421 rati
630 3361 801 3433 volentibus,
817 3377 907 3438 quam
925 3360 1042 3437 conctis,
