2426 3786
194 267 210 322 2
408 264 627 324 senneser]
651 265 861 328 OAYILINA.

191 414 387 475 Athenienses
401 436 511 495 coepere
523 418 610 475 urbes
623 424 712 494 atque
726 418 860 476 nationes
878 416 1018 490 subigere,
1032 414 1077 472 lu·

190 513 320 570 bidinem
339 512 509 571 dominandi
534 532 664 570 caussam
683 514 753 570 belli
773 513 887 584 habere,
915 512 1075 569 maximam

190 607 313 685 gloriam
326 608 359 665 in
372 609 501 666 maximo
513 609 635 685 imperio
648 616 771 685 putare;
791 616 856 668 tum
872 610 989 666 demum
1001 610 1076 685 peri·

191 705 256 762 culo
270 711 359 781 atque
373 706 497 781 negotiis
514 712 694 782 compertum
708 711 753 762 est
775 707 809 762 in
825 704 902 763 bello
914 705 1075 780 plurimum

189 802 341 877 ingenium
359 821 449 878 posse
492 802 578 871 Quod
597 803 622 860 si
641 821 742 877 regum
759 807 847 877 atque
866 801 1075 876 imperatorum

189 897 282 955 animi
299 899 394 954 virtus
413 897 447 954 in
466 900 607 973 paoeita,
628 897 674 954 uti
694 897 726 953 in
745 895 830 967 bello,
847 896 965 965 valeret,
979 915 1075 970 sequa·

191 993 280 1050 bilius
299 999 388 1069 atque
408 995 590 1051 constantius
610 1013 671 1051 sese
690 1012 737 1050 res
757 993 891 1050 humanae
910 993 1072 1065 heberent3

188 1105 283 1163 neque
296 1086 377 1144 aliud
390 1087 447 1144 alio
461 1087 538 1158 ferri,
559 1106 654 1164 neque
674 1087 783 1144 mutari
800 1107 834 1144 ao
849 1086 963 1145 misceri
976 1089 1073 1145 omnia

189 1199 328 1240 cerneres.
369 1181 402 1238 N
402 1201 450 1238 am
462 1168 618 1258 imperium
634 1182 718 1239 facile
735 1181 781 1239 his
794 1182 907 1238 artibus
919 1184 1072 1251 retinetur,

188 1277 294 1351 quibus
314 1277 400 1335 initio
419 1284 536 1354 partum
552 1285 604 1338 est.
645 1277 767 1349 Verum,
784 1278 835 1334 ubi
848 1296 900 1353 pro
913 1277 1010 1334 labore
1024 1277 1072 1334 de-

188 1373 271 1445 sidis,
284 1383 336 1450 pro
347 1375 528 1431 continentia
538 1379 568 1431 et
580 1359 718 1448 equitate
727 1373 827 1430 lubido
840 1380 928 1448 atque
938 1373 1072 1448 superbia

185 1469 327 1540 invasere,
341 1471 461 1527 fortuna
474 1468 561 1525 simul
575 1486 641 1524 cum
653 1468 783 1525 moribus
798 1468 980 1527 immutetur.
1023 1468 1072 1525 Ita

187 1566 343 1642 imperium
355 1582 468 1640 semper
480 1563 518 1621 ad
536 1564 679 1640 optimum
698 1583 842 1640 quemque
854 1583 873 1620 a
885 1565 982 1621 minus
995 1564 1071 1621 bono

186 1662 369 1720 transfertur.
412 1661 484 1730 Quae
497 1661 628 1719 homines
641 1667 734 1732 arent,
755 1663 903 1738 navigent,
918 1662 1069 1732 edificant,

186 1760 294 1817 virtuti
307 1760 405 1816 omnia
417 1765 527 1835 parent.
564 1759 621 1816 Sed
634 1759 722 1815 multi
734 1759 878 1829 mortales,
897 1758 989 1816 dediti
1002 1776 1070 1815 ven-

185 1858 227 1915 tri
247 1863 336 1934 atque
354 1876 462 1925 somno,
478 1858 588 1914 indocti
601 1856 763 1933 incultique
776 1857 877 1927 vitam,
892 1855 979 1912 sicuti
992 1874 1069 1930 pere

187 1953 343 2029 grinantes,
357 1960 540 2028 transegere;
561 1953 667 2028 quibus
676 1952 803 2027 profecto
813 1956 913 2008 contra
922 1957 1066 2021 naturam,

186 2070 290 2127 corpus
302 2049 458 2125 voluptati,
471 2049 570 2106 anima
583 2050 664 2106 oneri
677 2049 742 2107 fuit
784 2048 894 2106 Eorum
912 2067 964 2123 ego
977 2048 1069 2104 vitam

186 2152 366 2220 mortemque
376 2145 465 2220 juxta
477 2145 595 2215 testimo,
615 2143 753 2219 quoniam
769 2142 806 2199 dc
819 2149 943 2219 utraque
956 2142 1066 2199 siletur.

83 2246 85 2251 ’
186 2240 299 2297 Verum
319 2241 397 2298 enim
416 2259 486 2297 vero
505 2242 531 2297 is
550 2241 667 2297 demum
686 2240 761 2296 mihi
780 2239 878 2295 vivere
902 2244 991 2314 atque
1009 2239 1068 2296 frui

186 2337 283 2392 anima
302 2336 426 2409 videtur,
446 2336 506 2411 qui,
527 2336 625 2412 aliquo
643 2336 760 2412 negotio
776 2335 916 2406 intentus,
938 2334 1068 2410 praeclari

185 2432 327 2504 facinoris,
342 2437 395 2488 aut
407 2433 479 2489 artis
491 2433 573 2489 bonae
587 2433 694 2489 famam
707 2432 818 2508 quaerit.
860 2430 926 2500 sed,
945 2430 977 2485 in
990 2447 1068 2504 mag-

185 2546 225 2585 na
237 2528 319 2605 copia
330 2546 436 2599 rerum,
451 2529 531 2586 eliud
545 2529 596 2586 alii
609 2536 716 2586 natura
727 2529 786 2586 iter
797 2527 933 2584 ostendit.

245 2625 307 2683 III.
350 2624 510 2683 Pulchrum
525 2631 569 2683 est
581 2627 654 2683 bene
667 2626 760 2683 facere
772 2624 957 2700 reipublicaez
978 2621 1066 2679 etiem

184 2722 258 2781 bene
276 2721 370 2779 dicere
388 2722 467 2778 haud
489 2723 647 2779 absurdum
665 2729 716 2780 est.
757 2721 817 2780 Vel
830 2741 906 2797 pace,
920 2720 969 2777 vel
982 2719 1065 2789 bello,

184 2823 294 2880 clarum
307 2820 371 2877 fieri
384 2821 471 2877 lieet:
492 2826 522 2877 et
541 2821 592 2896 qui
612 2821 713 2893 fecere,
735 2826 766 2877 et
784 2821 931 2896 quisenta
943 2817 1067 2874 eliorum

184 2919 330 2994 scripsere,
344 2915 432 2973 multi
445 2915 609 2974 laudantur.
651 2917 700 2974 Ac
717 2916 790 2973 mihi
808 2915 932 2992 quidem,
949 2913 1066 2970 tametsi

183 3014 409 3090 haudquaquam
426 3031 480 3088 par
494 3012 588 3088 gloria
607 3018 747 3089 sequatur
767 3013 936 3087 scriptorem
954 3013 986 3066 et
1001 3026 1071 3065 auc«

182 3114 276 3166 torem
302 3128 409 3180 rerum,
438 3114 537 3167 temen
563 3110 597 3166 in
619 3109 722 3185 primis
739 3109 865 3166 arduum
883 3106 1001 3164 videtur
1019 3123 1066 3162 res

182 3209 276 3278 gestes
293 3205 435 3264 scribere:
457 3207 592 3283 primum,
613 3205 692 3283 quod
707 3205 784 3262 faeta
800 3204 886 3262 dietis
905 3207 976 3260 sunt
992 3218 1066 3258 σκω-

183 3297 317 3373 quanda:
336 3302 450 3376 dehinc,
465 3304 535 3380 qnia
549 3303 689 3380 plerique,
708 3320 773 3378 quae
791 3301 897 3359 delicte
912 3295 1066 3376 reprehen-

183 3394 267 3471 deris,
287 3396 491 3459 malevolentia
514 3405 546 3458 et
568 3399 680 3458 invidia
704 3399 782 3457 dicto
801 3402 928 3476 putent:
955 3393 1008 3463 ubi
1026 3391 1071 3449 de‘

1202 3454 1207 3539 ⁴
