2426 3786
170 250 208 318 ii
384 247 610 316 sustuleru
633 248 840 318 caristus

170 404 193 457 :'
226 410 401 474 XXXVII.
430 414 536 491 Neque
549 414 642 472 solum
652 413 711 472 illis
720 413 816 471 aliena
835 431 917 470 mens
927 401 992 471 erat
1004 411 1058 489 qui

168 509 275 568 conscii
281 510 492 586 conjuracionis
499 510 618 567 fuerant
624 530 633 582 3
647 506 699 566 sed
708 510 827 566 omnino
835 515 941 566 cuncta
948 509 1056 585 plebes,

167 624 311 665 novarum
321 622 419 664 rerum
430 607 540 679 studio,
548 606 683 664 Catilinae
697 605 815 681 incepta
827 605 977 682 probabat.
1018 600 1057 663 Iu

140 709 149 732 ⁸·
167 703 240 761 adeo
253 718 333 761 more
346 720 399 760 suo
415 701 572 761 videbatur
585 702 688 761 iacere.
723 700 803 760 Nom
816 718 931 777 semper
943 700 975 757 in
987 700 1057 758 civi·

166 805 238 873 tate,
267 799 374 877 quibus
400 818 468 875 opes
488 799 578 857 nullae
598 804 677 870 aunt,
697 798 783 856 bonis
802 798 945 870 invident,
965 797 1056 856 mdes

168 894 335 968 extollunt3
358 900 459 952 vetera
472 895 566 967 odere,
581 912 658 952 nova
671 899 831 970 exoptant;
851 894 917 950 odio
936 912 1056 951 suarum

167 1008 266 1050 rerum
275 991 387 1048 mutari
400 991 498 1048 omniu
511 991 647 1064 student3
662 992 750 1048 barba
763 998 851 1066 atque
863 990 1055 1048 seditionibus

166 1088 231 1147 sine
243 1107 314 1146 cura
327 1073 456 1160 aluntur,
471 1089 609 1164 quoniam
623 1086 734 1163 egestas
747 1087 832 1145 fsoile
850 1086 976 1144 habetur
992 1088 1056 1145 sine

165 1183 279 1242 damno.
323 1182 380 1241 Seii
407 1184 520 1240 urbana
545 1183 652 1261 plebes,
676 1202 712 1241 ea
730 1201 800 1240 vero
826 1202 954 1260 praeceps
979 1185 1056 1241 ieret

166 1279 269 1337 multis
282 1278 320 1338 do
331 1281 446 1338 caussis.
489 1279 622 1337 Primum
636 1281 776 1352 omnium,
798 1281 850 1356 qui
870 1281 979 1355 ubique
991 1294 1056 1357 pro⁴⁴

166 1375 219 1461 bro
238 1376 511 1451 atquepetulantia
537 1376 664 1434 maxime
687 1376 884 1452 praestabant,
910 1377 984 1433 item
1002 1376 1056 1434 elii

166 1486 220 1546 per
247 1470 388 1529 dedecora
412 1472 599 1547 patrimoniis
624 1472 756 1545 amissis3
782 1478 929 1547 postremo
955 1490 1054 1530 omnes

166 1584 238 1642 quos
251 1567 394 1642 flagitium
407 1572 460 1624 aut
473 1567 585 1624 facinus
598 1568 684 1625 domo
697 1568 849 1644 expulerat
855 1587 864 1640 ;
884 1569 906 1624 ii
920 1566 1054 1639 Romam,

131 1656 133 1662 ’
166 1663 254 1721 monti
273 1663 305 1720 in
324 1664 478 1735 sentinam,
500 1664 709 1722 confluxerant.
752 1663 875 1734 Deinde,
891 1663 980 1720 multi
997 1680 1055 1720 me-

167 1776 263 1816 mores
283 1757 409 1816 Sullanae
423 1759 563 1831 viotoriee,
584 1760 671 1836 quod,
694 1779 732 1817 ex
751 1760 890 1839 gregariis
910 1760 1054 1817 militibus

165 1853 239 1911 alios
264 1861 412 1912 senatores
432 1856 579 1928 uidebant,
608 1856 680 1913 alios
702 1856 746 1914 ita
766 1857 881 1928 divites,
908 1857 956 1913 uti
975 1856 1054 1933 regio

165 1951 248 2009 viotu
268 1957 357 2027 atque
371 1951 455 2009 cultu
467 1957 584 2009 oetatem
597 1958 726 2028 agerent,
748 1952 805 2010 sibi
824 1953 955 2029 quisque,
977 1953 1054 2010 siin

166 2047 256 2104 ermis
274 2047 380 2119 forent,
401 2067 440 2105 ex
459 2048 583 2105 victoria
601 2049 673 2106 talia
693 2049 857 2126 sperabant.
898 2048 1051 2120 Praeterea,

163 2143 314 2220 juventus,
342 2162 407 2218 quse
434 2145 467 2200 in
487 2144 572 2220 agris,
598 2162 739 2202 manuum
762 2145 902 2217 mercede,
923 2145 1051 2220 inopiam

165 2238 349 2311 toleraverat,
361 2239 483 2315 privetis
496 2245 585 2316 atque
598 2241 721 2316 publicis
732 2240 938 2316 largitionibus
947 2241 1050 2311 excita,

166 2333 311 2391 urbanum
321 2334 414 2392 otium
427 2336 542 2411 ingrato
552 2335 646 2392 labori
658 2335 856 2410 praetulerant.
893 2335 952 2392 Eos
964 2339 1053 2410 atque

166 2427 239 2486 alios
251 2446 350 2486 omnes
363 2430 473 2486 malum
485 2430 636 2506 publicum
649 2431 754 2487 alebat.
796 2430 862 2498 Quo
882 2431 980 2487 minus
999 2429 1051 2487 mi·

166 2524 301 2597 randum,
314 2523 447 2583 homines
460 2532 584 2602 egentes,
599 2526 683 2582 melis
696 2526 833 2597 moribus,
848 2524 977 2582 maxima
991 2543 1050 2601 spe,

165 2620 332 2698 reipublicae
348 2622 438 2698 juxta
456 2641 490 2680 ao
510 2623 567 2680 sibi
586 2622 771 2681 consuluisse.
814 2621 968 2693 Praeterea,
983 2640 1053 2697 quo·

165 2734 241 2789 rum,
255 2716 379 2774 victoris
392 2717 490 2790 Sullae,
511 2725 646 2794 parentes
666 2718 828 2794 proscripti,
847 2718 924 2774 bona
942 2721 1050 2793 erepta,

163 2813 212 2890 jus
231 2812 376 2870 libertatis
395 2814 585 2871 imminutum
605 2819 676 2884 erat,
695 2812 775 2870 haud
793 2830 863 2869 sane
879 2812 937 2868 alio
954 2811 1052 2869 animo

165 2909 236 2967 belli
250 2921 387 2966 eventum
400 2912 614 2986 exspectabant
651 2909 704 2967 Ad
716 2909 780 2980 hoo,
792 2910 971 2985 quicumque
983 2907 1052 2965 alia·

165 3022 232 3061 rum
252 3009 340 3079 atque
360 3005 454 3061 sensti
474 3005 605 3080 partium
625 3011 718 3077 erant,
733 3003 902 3062 conturbari
918 3002 1052 3078 rempub·

165 3099 369 3177 licam,qua1n
391 3101 490 3158 minus
509 3102 606 3159 valere
632 3102 696 3177 ipsi,
724 3100 880 3158 malebant
922 3097 960 3155 Id
979 3097 1051 3155 adeo

165 3195 275 3253 malum
288 3197 397 3255 multos
409 3205 475 3275 post
488 3218 579 3257 annos
592 3200 625 3257 in
638 3200 788 3257 civitatem
799 3200 969 3255 reverterat.

226 3289 419 3353 XXXVIII.
461 3294 549 3368 Nam,
563 3294 724 3371 postquam,
741 3294 793 3353 On.
809 3293 949 3368 Pompeio
960 3296 991 3347 et
1003 3288 1047 3349 M.

167 3382 269 3445 crasso
291 3390 464 3464 oonsulibus,
492 3390 650 3448 tribunicia
674 3395 802 3468 potestas
827 3389 964 3447 restituta
983 3390 1050 3458 εει)
