2420 3788
171 247 210 304 92
369 244 594 304 SALLUSTII
617 243 642 300 J
646 241 852 302 UGURTHA.

229 398 312 456 ΟΧΙ.
353 398 406 456 Ad
423 417 457 455 oa
473 398 555 455 Sulla
567 417 620 474 pro
634 416 664 454 se
676 399 805 454 breviter
823 404 853 453 et
869 397 999 471 modice3
1018 397 1054 456 de

169 517 238 574 pace
265 499 355 555 etde
382 497 582 554 communibus
609 496 710 552 multis
733 495 877 551 disseruit.
918 494 1054 570 Denique

169 594 231 668 regi
244 594 387 670 patefecit,
412 598 429 625 “
439 595 515 669 quod
529 593 705 668 polliceatur,
725 598 858 646 senatum
871 597 902 646 et
914 591 1053 666 populum

169 687 343 760 Romanum,
358 690 495 763 quoniam
509 688 632 763 amplius
652 687 741 742 armis
758 687 923 757 valuissent,
941 706 1001 743 non
1021 686 1053 742 i'n

168 787 292 860 gratiam
312 785 480 841 habituros:
502 785 666 842 faciendum
685 784 804 859 aliquid,
829 785 906 859 quod
936 782 1053 843 illorum

170 881 268 954 magis,
278 900 363 955 quum
374 900 433 949 sua,
443 882 576 937 retulisse
584 880 732 953 videretur
745 902 752 938 ε
773 880 805 936 id
814 880 885 936 adeo
895 881 926 935 iu
936 891 1054 956 promtu

169 995 237 1045 esse,
253 977 390 1051 quoniam
404 977 425 1034 J
426 977 560 1052 ugurthae
574 977 686 1051 copiam
700 977 819 1034 haberet
833 997 839 1034 :
861 996 946 1053 quem
958 977 984 1033 si
997 977 1054 1032 Ro·

169 1073 261 1128 manis
281 1073 455 1144 tradidisset,
486 1075 553 1144 fore,
579 1074 625 1130 uti
648 1074 692 1130 illi
721 1074 881 1148 plurimum
901 1075 1055 1132 deberetur

168 1168 334 1237 amicitiam,
350 1170 449 1235 liedus,
465 1169 612 1226 Numidiae
625 1178 746 1245 partem,
758 1190 845 1245 quam
853 1190 932 1228 nunc
942 1179 1055 1245 peteret

159 1264 246 1319 ‘ultro
268 1267 467 1322 adventuram,
510 1265 577 1321 Rex
601 1268 694 1340 primo
715 1268 863 1340 negitare:
896 1266 1054 1322 “adfinita-

169 1368 236 1430 tem,
247 1361 455 1435 cognationem,
466 1367 604 1434 praeterea
614 1361 706 1417 foedus
719 1362 909 1417 intervenisse
922 1382 927 1418 :
948 1361 986 1419 ad
999 1362 1054 1419 hoc

168 1460 304 1524 metuere,
328 1472 364 1509 ne
385 1454 464 1510 fluxa
483 1455 538 1511 fide
556 1474 634 1526 usus,
652 1457 836 1530 popularium
848 1458 960 1513 animoa
973 1476 1054 1516 aver-

168 1556 252 1616 teret,
266 1549 349 1623 queis
362 1548 420 1604 etJ
421 1551 548 1622 ugurtha
558 1570 648 1623 carue,
663 1557 693 1608 et
707 1551 832 1608 Romani
844 1552 933 1608 invisi
946 1555 1053 1610 erant''

169 1643 313 1719 Denique,
343 1644 447 1718 saepius
474 1644 620 1719 fatigatus,
649 1647 759 1704 lenitur
788 1654 876 1703 etex
903 1647 1054 1703 voluntate
1150 1638 1154 1645 ¹

168 1738 266 1809 Sullae,
298 1739 396 1795 omnia
424 1759 454 1799 ee
481 1742 635 1809 iacturum,
657 1743 811 1816 promittit.
854 1742 991 1799 Ueterum
1017 1744 1054 1800 ad

167 1833 361 1899 rimulandam
377 1853 484 1909 pacem,
503 1836 585 1910 cujus
599 1836 738 1908 Numida,
756 1837 883 1894 defessus
896 1838 981 1904 bello,
994 1839 1054 1894 avi-
1070 1824 1072 1827 V

169 1933 311 2005 discimus,
326 1952 391 2008 quae
405 1932 491 1988 utilia
503 1931 573 2003 visa,
588 1933 778 1990 constituunt
821 1932 878 2004 Ite,
897 1933 1056 2009 composito

170 2026 243 2098 dolo,
259 2027 469 2101 digrediuntur.

229 2122 329 2181 eXIL
371 2122 418 2179 At
442 2142 497 2179 rex
519 2130 633 2196 postero
654 2123 701 2180 die
724 2125 877 2199 Asparem,
898 2122 1055 2199 Jugurthae

167 2216 304 2291 legatum,
314 2218 456 2293 adpellat:
474 2219 602 2294 dicitque
619 2220 755 2295 “sibiper
765 2220 912 2276 Dabarem
926 2238 964 2277 ex
973 2217 1057 2276 Sulla

169 2313 327 2387 cognitum,
345 2331 427 2388 poaee
446 2314 659 2371 conditionibus
676 2314 785 2371 bellum
807 2314 895 2390 poni:
917 2315 1055 2389 quamob-

170 2428 231 2467 rem
253 2410 328 2483 regis
349 2409 394 2464 aui
416 2409 591 2465 senteutiam
610 2411 800 2484 exquireret.’'
842 2410 899 2467 Ille
920 2410 1004 2466 laetus
1024 2410 1057 2469 in

171 2512 265 2559 caetra
284 2504 305 2560 J
307 2504 441 2579 ugurthae
453 2505 542 2562 veuit
585 2504 708 2577 Deinde,
730 2506 834 2563 abillo
851 2511 958 2565 cuncta
977 2506 1057 2563 edoc-

142 2597 143 2601 ’
171 2603 227 2665 tus,
243 2604 395 2671 properato
408 2599 520 2668 itinere,
537 2605 602 2674 poet
615 2599 692 2657 diem
705 2607 841 2657 octavum
849 2603 926 2659 redit
934 2601 971 2658 ud
985 2601 1058 2657 Boc·

172 2694 267 2762 chum,
288 2699 318 2750 et
337 2695 364 2750 ei
381 2696 507 2766 nunciat,
531 2701 548 2729 “
558 2695 580 2753 J
582 2696 738 2770 ugurtham
754 2715 859 2772 cupere
872 2697 978 2767 omnia,
992 2716 1058 2771 quae

172 2788 391 2862 imperarentur,
419 2790 511 2847 facere
522 2811 530 2862 3
552 2792 603 2847 sed
620 2791 716 2847 Mario
733 2810 836 2865 parum
856 2792 961 2849 fidere:
982 2810 1058 2866 aaepe

172 2892 259 2940 autea
276 2904 342 2941 cum
362 2887 584 2962 imperatoribus
605 2886 745 2944 Romania
765 2907 862 2962 pacem
885 2895 1058 2947 conventam

173 2978 281 3035 frustra
306 2979 402 3036 fixisse.
446 2979 591 3051 Ceterum,
618 2982 644 3038 si
669 2983 809 3040 ambobus
835 2985 1002 3043 consultum
1027 2991 1059 3040 et

173 3080 379 3153 ratamwpacem
393 3076 489 3145 vellet,
504 3077 587 3135 daret
600 3097 724 3152 operam,
740 3086 774 3135 ut
787 3098 847 3136 una
863 3081 900 3136 ab
914 3081 1057 3151 omnibus,

174 3169 256 3243 quasi
283 3169 319 3226 de
346 3190 423 3245 pace,
450 3172 481 3227 in
510 3173 685 3247 colloquium
705 3175 864 3247 veniretur,
885 3176 984 3251 ibique
1002 3175 1060 3237 eibi

117 3324 123 3343 Ι
176 3263 287 3331 Sullam
304 3266 451 3324 traderet:
472 3287 537 3324 cum
554 3269 643 3327 talem
658 3270 753 3327 virum
771 3271 962 3346 insspoteetate
974 3271 1060 3329 habe-

175 3364 229 3428 ret,
244 3359 312 3432 fore,
327 3363 373 3420 uti
384 3363 469 3438 jussu
481 3372 599 3432 senatus
611 3372 700 3442 atque
713 3367 813 3443 populi
827 3367 953 3429 Romani
961 3368 1060 3426 soedua
