2426 3790
192 234 231 292 80
390 228 612 290 SALLUSPII
637 227 660 285 J
666 226 873 287 Usuerna,

191 387 305 445 Ietinis
311 387 400 464 juxta
413 392 502 463 atque
514 385 679 443 doctissime
691 382 831 454 eruditus,
843 382 941 439 animo
955 382 1077 458 ingenti,

191 484 311 559 cupidus
328 484 521 558 voluptatum,
541 480 592 538 sed
612 478 711 555 gloriae
729 478 868 554 cupidior,
889 478 949 535 otio
966 479 1079 535 luxuri-

190 599 240 639 oso
260 598 320 637 esse
331 599 340 652 3
367 585 467 635 tamen
490 578 527 634 ab
551 575 675 651 negotiis
698 592 859 650 numquam
879 572 1014 648 voluptas
1034 593 1080 631 re·

190 666 310 745 inorata,
331 675 389 730 nisi
408 673 487 749 quod
507 672 543 729 de
562 691 655 729 uxore
674 671 770 746 potuit
786 670 936 727 honestius
948 668 1077 726 consuli:

125 779 128 783 ’
189 770 337 840 facundus,
360 769 487 840 callidus,
511 775 541 826 et
569 767 696 824 amicitia
721 766 832 837 facilis3
855 765 894 822 ad
913 766 1080 822 simulanda

189 867 306 941 negotia
319 864 445 922 altitudo
458 864 569 939 ingenii
581 862 775 919 incredibilis:
795 861 955 918 multarum
968 881 1078 935 rerum,
1120 870 1123 875 '

188 981 222 1018 ac
240 961 367 1018 maxime
386 960 524 1036 pecunia,
541 959 671 1034 largitor.
712 957 823 1034 Atque,
838 957 1002 1014 felicissimo
1016 977 1080 1014 om·

189 1059 272 1117 nium
290 1066 358 1115 aute
376 1058 492 1115 civilem
513 1058 674 1124 victoriam,
695 1074 856 1131 numquam
874 1074 961 1130 super
977 1055 1079 1112 indus-

189 1154 277 1212 triam
296 1154 414 1211 fortuna
432 1153 490 1210 fuit
499 1172 509 1226 ;
536 1153 680 1227 multique
700 1151 879 1218 dubitavere,
902 1150 1013 1219 sortior,
1037 1170 1080 1208 an

188 1249 306 1322 felicior,
327 1257 416 1309 esset:
438 1269 515 1320 nam,
534 1254 634 1324 postea
653 1266 718 1323 quae
738 1247 847 1314 fecerit,
861 1246 1005 1303 incertum
1025 1245 1079 1302 ha·

188 1345 248 1416 beo,
263 1346 372 1420 pudeat
384 1345 482 1420 magis,
498 1362 534 1400 an
549 1343 654 1418 pigeat,
671 1341 816 1405 disserere.

247 1438 364 1501 xcvl.
405 1439 504 1514 Igitur
520 1439 611 1511 Sulla,
626 1445 662 1495 ut
679 1458 767 1515 supra
782 1439 901 1512 dictum,
921 1444 1079 1515 postquam

187 1535 221 1593 iu
233 1535 368 1592 Africam
385 1540 473 1610 atque
493 1536 526 1591 in
544 1548 639 1594 castra
652 1535 743 1591 Marii
756 1555 823 1593 cum
836 1537 970 1612 equitatu
982 1535 1076 1605 venit,

187 1634 270 1689 rudis
290 1638 376 1691 antea
393 1637 424 1688 et
441 1632 560 1707 ignarus
578 1631 656 1703 belli,
671 1631 887 1690 sollertissimus
899 1632 1028 1689 omnium
1042 1633 1078 1688 in

187 1731 287 1804 paucis
307 1728 641 1804 tempestatibus‘factus
657 1733 708 1784 est
751 1727 803 1784 Ad
823 1727 885 1800 hoc,
905 1727 1013 1784 milites
1028 1728 1078 1784 be

188 1825 276 1899 nigue
295 1825 441 1901 adpellare
449 1843 459 1896 ;
480 1824 582 1881 multis
601 1823 780 1900 rogantibus,
798 1822 864 1880 aliis
883 1842 983 1900 perse
1002 1824 1075 1899 ipse,

57 1995 61 2004 .
171 1921 257 1995 *dare
277 1920 424 1989 beneficia,
444 1921 557 1979 invitus
576 1921 721 1996 accipere:
741 1920 792 1977 sed
810 1940 844 1978 ea
862 1921 1075 1996 properantius,

187 2034 277 2092 quam
299 2034 338 2074 aas
360 2022 505 2088 mutuum,
527 2017 661 2088 reddere,
685 2016 748 2092 ipso
769 2017 806 2073 ab
827 2017 910 2075 nullo
928 2022 1075 2093 repetere,

94 2143 96 2145 >
188 2112 279 2188 magis
292 2111 324 2168 id
337 2111 474 2183 laborare,
490 2116 525 2168 ut
538 2111 584 2168 illi
596 2131 685 2187 quam
703 2111 822 2187 plurimi
835 2112 991 2169 deberent:
1007 2113 1078 2188 joca

187 2213 276 2282 atque
295 2205 371 2263 seria
388 2225 455 2264 cum
473 2206 645 2263 humillimis
658 2226 758 2282 agere:
778 2207 811 2264 in
824 2209 967 2284 operibus,
981 2209 1013 2264 in
1026 2228 1075 2285 ag-

188 2305 274 2370 mine,
288 2309 377 2378 atque
394 2301 431 2358 ad
444 2301 559 2379 vigilias
577 2302 688 2360 multus
704 2302 817 2360 adesse:
838 2322 932 2379 neque
944 2303 1075 2373 interim,

188 2398 266 2473 quod
290 2417 380 2473 prava
406 2397 527 2454 ambitio
553 2397 635 2470 solet,
663 2399 796 2469 consulis,
824 2406 877 2455 aut
903 2400 1076 2476 cujusquam

187 2493 266 2565 boni,
280 2494 388 2553 summu
404 2493 524 2552 laedere:
544 2495 749 2552 tantummodo
766 2513 861 2571 neque
879 2497 1006 2567 consilio,
1025 2515 1076 2553 ne-

188 2608 246 2667 que
266 2609 362 2662 manu,
377 2591 503 2667 priorem
518 2592 610 2650 alium
629 2593 691 2668 pati
698 2611 708 2664 ;
728 2592 879 2669 plerosque
895 2595 1074 2651 antevenire.

188 2685 278 2756 Queis
290 2688 385 2761 rebus,
399 2688 490 2762 brevi,
507 2688 603 2746 Mario
616 2688 816 2764 militibusque
836 2688 1001 2747 carissimus
1017 2688 1076 2746 fac-

187 2791 244 2844 tus
327 2808 330 2811 ‘
395 2830 397 2835 .

247 2881 383 2942 XCVII.
424 2884 471 2940 At
488 2883 647 2961 Jugurtha,
668 2888 823 2961 postquam
842 2882 981 2959 oppidum
1002 2879 1076 2957 (lap

187 2996 257 3051 sam,
282 2978 411 3054 aliosque
431 2979 508 3036 locos
528 2979 658 3037 munitos
680 2986 711 3036 et
735 2979 791 3037 sibi
814 2979 911 3046 utiles,
931 2977 1020 3035 simul
1044 2987 1075 3035 et

188 3094 323 3151 magnam
349 3075 509 3151 pecuniam,
537 3077 681 3146 amiserat,
709 3075 748 3134 ad
773 3074 923 3132 Bocchum
951 3073 1075 3132 nuncios

188 3173 290 3244 mittit,
314 3176 428 3249 “quam
447 3174 575 3249 primum
595 3174 629 3231 in
650 3172 822 3230 Numidiam
839 3171 936 3248 copias
953 3170 1075 3228 adduce·

188 3274 249 3327 ret:
269 3269 362 3344 praelii
374 3269 499 3343 faciendi
512 3276 627 3346 tempus
639 3269 763 3330 adesse.'’
804 3269 899 3337 Quem
919 3268 970 3325 ubi
988 3287 1074 3326 cunc-

189 3363 247 3421 tari
272 3365 389 3441 aceepit,
416 3372 447 3424 et
478 3366 601 3424 dubium
626 3366 697 3426 belli
726 3372 815 3444 atque
840 3365 919 3443 pacis
945 3366 1074 3425 rationes
