2426 3790
332 266 430 327 sits
438 266 554 326 11er
577 263 815 325 steterim.
979 265 1017 329 77

131 417 216 474 aditu
237 417 358 477 relicto:
380 438 449 475 nam
470 418 565 475 omnis
585 424 698 489 natura,
721 418 804 475 velut
824 436 910 493 opere
929 424 1018 494 atque

131 513 271 585 consulto,
287 532 419 589 preceps.
449 514 544 582 Quem
556 514 652 571 locum
661 513 784 586 Marius,
795 515 874 590 quod
887 515 929 571 ibi
941 515 1017 590 regis

131 609 261 667 thesauri
278 618 369 682 erant,
385 630 498 669 summa
510 612 541 666 vi
559 628 661 685 capere
676 609 812 668 intendit.
854 610 959 669 Sedes
971 631 1017 668 res

131 706 214 776 forte,
242 724 330 780 quam
361 706 491 777 consilio,
521 706 625 762 melius
657 711 748 780 gesta.
788 704 868 764 Nam
901 705 1017 763 castello

131 801 261 861 virorum
277 807 366 877 atque
383 821 530 861 armorum
549 801 628 873 satis,
643 819 749 876 magna
760 801 807 858 vis
823 801 970 871 frumenti,
986 809 1017 858 et

130 895 196 953 fons
218 914 300 970 aquae
311 915 320 967 3
348 897 500 972 aggeribus
523 896 711 972 turribusque
734 901 765 953 et
786 894 851 954 aliis
872 898 1017 955 machina·

130 993 260 1050 tionibus
278 993 358 1051 locus
373 994 572 1068 importunus:
589 994 649 1050 iter
670 992 892 1051 castellanorum
915 1012 1016 1069 angus

129 1094 195 1144 tum
215 1089 378 1161 admodum,
399 1090 549 1164 utrimque
568 1088 726 1165 praecisum.
768 1087 872 1145 Vineae
892 1107 958 1146 oum
973 1089 1017 1145 in-

128 1183 211 1257 genti
223 1184 351 1259 periculo
363 1184 473 1241 frustra
485 1184 689 1260 agitabantur:
711 1202 789 1254 nam,
803 1191 924 1241 cum‘eae
936 1186 1016 1260 paul-

92 1320 96 1329 .
130 1277 193 1334 lum
212 1284 417 1353 processerant,
434 1278 497 1355 igni
514 1285 566 1336 aut
582 1278 728 1354 lapidibus
745 1280 1013 1354 corrumpebantur3

130 1376 238 1434 milites
258 1396 353 1453 neque
377 1397 429 1454 pro
453 1395 538 1452 opera
558 1378 720 1448 consistere,
741 1381 860 1451 psopter
879 1375 1015 1450 iniquita
1103 1394 1105 1399 ’

130 1477 191 1527 tem
200 1470 265 1539 loci,
274 1491 369 1546 neque
382 1472 461 1528 inter
470 1472 570 1528 vineas
583 1471 645 1528 sine
658 1470 787 1546 periculo
796 1469 1012 1527 administrare:

129 1566 258 1642 optimus
280 1568 402 1645 quisque
425 1567 533 1640 cadere,
556 1572 608 1627 aut
629 1567 769 1641 muciam,
794 1566 896 1624 ceteris
918 1571 1014 1625 metus

129 1662 237 1742 augeri.

189 1759 307 1816 XCIII.
350 1760 396 1817 At
420 1759 542 1829 Marius,
566 1759 669 1816 multis
692 1759 793 1817 diebus
814 1764 845 1818 et
867 1759 1013 1816 laboribus

128 1858 295 1928 consumtis,
310 1859 415 1914 anxius
428 1857 544 1914 trahere
557 1875 624 1912 cum
641 1856 740 1913 animo
758 1874 809 1912 suo
827 1856 1013 1913 omitteretne

125 1956 287 2031 inceptum,
308 1954 446 2030 quoniam
470 1954 579 2010 frustra
604 1956 675 2021 erat,
700 1970 739 2009 an
761 1951 909 2008 fortunam
929 1969 1013 2026 oppe-

126 2053 243 2123 riretur,
268 2071 326 2127 qua
353 2069 426 2126 saepe
449 2068 584 2126 prospere
610 2067 679 2106 usus
702 2048 804 2105 iuerat
848 2047 919 2116 Quae
946 2066 1013 2105 cum

127 2149 235 2205 multos
262 2148 331 2219 dies,
355 2153 463 2218 noctes,
487 2152 612 2204 aestuans
635 2146 768 2221 agitaret,
792 2145 867 2202 forte
892 2145 1012 2220 quidam

127 2245 218 2320 Ligus
240 2263 277 2302 ex
300 2244 466 2302 cohortibus
486 2243 647 2300 auxiliariis
674 2242 757 2298 miles
779 2241 933 2316 gregarius,
955 2259 1012 2298 oas-

127 2340 182 2396 tris
197 2345 338 2414 aquatum
358 2357 495 2414 egressus,
510 2337 589 2395 haud
609 2336 708 2413 procul
726 2337 763 2394 ab
780 2336 870 2393 latere
890 2335 1010 2407 castelli,

127 2436 206 2512 quod
232 2453 365 2492 aversum
395 2434 597 2509 preliantibus
627 2438 696 2505 erat,
725 2432 856 2489 animum
884 2431 1011 2498 aduertit

126 2535 206 2590 inter
232 2550 302 2589 saxa
333 2535 467 2606 repentes
497 2529 644 2590 cochleas:
679 2546 803 2605 quarum
828 2546 895 2584 cum
921 2545 1011 2583 unam

126 2636 215 2706 atque
241 2630 371 2700 alteram,
399 2627 468 2685 dein
495 2627 599 2703 plures,
623 2631 744 2702 pete1et,
772 2625 869 2683 studio
895 2623 1010 2699 legendi

45 2710 47 2716 Ι
125 2724 279 2799 paullatim
304 2744 395 2801 prope
420 2724 459 2781 ad
487 2741 633 2781 summum
665 2722 773 2779 montis
799 2739 929 2796 egressus
956 2726 1007 2777 est.

128 2820 197 2893 Ubi,
219 2827 373 2897 postquam
399 2821 587 2877 solitudinem
612 2818 769 2889 intellexit,
790 2837 869 2875 more
888 2818 1009 2874 humani

125 2918 243 2994 ingenii,
265 2918 371 2994 cupido
391 2917 518 2975 difficilia
537 2915 661 2974 faciendi
680 2914 810 2971 animum
829 2913 927 2970 vertit.
968 2911 1009 2967 Et

124 3013 199 3071 forte
225 3015 258 3071 iu
285 3034 319 3072 eo
342 3014 406 3072 loco
431 3013 549 3089 grandis
575 3013 635 3069 ilex
661 3011 807 3068 coaluerat
828 3009 906 3065 inter
929 3027 1006 3077 saxa,

124 3104 287 3185 paullulum
314 3110 400 3167 modo
425 3127 526 3186 prona,
550 3108 619 3166 dein
641 3108 725 3179 flexa,
753 3114 842 3181 atque
864 3110 949 3162 aucta
975 3104 1007 3159 in

125 3202 319 3275 altitudinem,
340 3225 399 3280 quo
417 3212 522 3264 cuncta
539 3203 723 3280 gignentium
742 3208 849 3259 natura
867 3201 938 3265 fert:
960 3220 1008 3258 cu·

123 3299 173 3375 jus
190 3301 279 3359 ramis
296 3302 390 3374 modo,
404 3301 490 3358 modo
506 3300 700 3361 eminentibus
716 3300 799 3369 saxis,
812 3300 901 3368 uinis,
917 3296 1007 3372 Ligus

125 3395 236 3455 castelli
262 3397 416 3472 planitiem
443 3398 613 3475 perscribit:
641 3395 719 3473 quod
745 3394 843 3453 cuncti
869 3393 1006 3453 Numidae
