2426 3786
370 258 590 325 SALLUSPII
616 259 824 324 CATILINA.
1004 264 1041 327 dd

151 417 288 476 homines
301 417 503 487 adolescentes,
525 434 669 473 summam
682 418 857 492 potestatem
871 413 959 481 nacti,
979 416 1043 490 qui·

150 514 210 572 bus
222 519 293 572 setas
306 514 477 590 animusque
491 514 575 571 ferox
587 518 659 584 erat,
671 531 789 588 coepere,
801 517 935 569 senatum
947 512 1043 569 crimi-

152 612 260 683 nando,
275 610 388 688 plebem
403 610 567 686 exagitare,
588 609 664 682 dein,
680 609 831 685 largiendo
850 616 940 685 atque
959 610 1043 685 pollis

153 706 282 778 citando,
305 706 398 781 magis
418 706 573 763 incendere
582 725 592 778 3
620 707 664 762 ita
686 706 743 782 ipsi
761 706 832 763 clari
852 712 1059 782 potentesque

151 802 225 860 fleri
267 802 378 861 Contra
392 822 439 860 eos
452 821 565 859 summu
578 822 632 878 ope
645 803 798 860 nitebatur
810 803 948 880 pleraque
961 803 1042 863 nobi,-

153 896 229 968 litus,
252 896 348 954 senati
367 898 467 973 specie,
488 917 541 974 pro
561 917 615 954 sua
633 898 847 974 magnitudine.
896 898 1040 975 Namque,

154 994 199 1049 uti
214 993 313 1068 paucis
326 994 481 1067 absolvam,
502 995 619 1070 perillo
632 999 764 1070 tempora
776 996 953 1071 quicumque
966 1010 1039 1054 rem·

154 1089 302 1163 publicam
328 1091 486 1166 agitavere,
514 1089 646 1147 honestis
673 1089 850 1162 nominibus,
872 1093 932 1164 alii,
954 1091 1042 1150 sicuti

154 1184 255 1260 populi
276 1186 347 1261 jura
374 1186 569 1257 defenderent,
592 1205 667 1262 pars,
689 1205 748 1262 quo
768 1189 863 1247 senati
884 1189 1041 1246 auctoritas

153 1272 284 1341 maxima
305 1283 390 1355 foret,
414 1284 524 1340 bonum
547 1283 697 1360 publieum
717 1283 894 1355 simulantes,
916 1301 1042 1359 prosus

153 1377 277 1454 quisque
296 1381 429 1454 potentia
456 1381 626 1438 certabant:
655 1397 751 1456 neque
775 1380 924 1452 modestia,
946 1401 1041 1457 neque

152 1473 257 1531 modus
269 1477 463 1533 contentionis
477 1481 557 1534 erat:
577 1475 696 1552 utrique
714 1474 868 1533 victoriam
886 1476 1041 1535 crudeliter

154 1570 336 1628 exercebant.
744 1613 747 1619 .

213 1665 372 1725 XXXIX.
416 1666 481 1740 Sed,
503 1672 656 1743 postquam
678 1665 731 1724 On.
754 1667 912 1743 Pompeius
928 1666 966 1724 ad
983 1665 1041 1724 bel·

152 1759 216 1816 lum
233 1763 413 1819 maritimum
431 1770 520 1838 atque
534 1761 771 1819 Mithridaticum
789 1763 893 1820 missus
909 1769 960 1835 est,
981 1763 1042 1840 ple·

153 1856 198 1912 bis
218 1875 286 1933 opes
306 1857 477 1929 imminutae,
508 1878 665 1934 paucorum
689 1858 821 1934 potentia
845 1859 945 1917 crevit.
994 1858 1041 1918 Hi

152 1951 348 2027 magistratus,
362 1954 533 2028 provincias,
549 1953 664 2029 aliaque
677 1953 776 2010 omnia
788 1959 887 2012 tencre
900 1974 906 2012 :
928 1955 985 2031 ipsi
997 1955 1041 2011 in·

152 2046 243 2118 noxii,
258 2048 401 2119 florentes,
416 2048 479 2106 sine
491 2055 573 2106 metu
590 2053 706 2105 aetatem
722 2067 826 2125 ager03
847 2046 1041 2128 ceteros[que]
1065 2073 1070 2105 ;

148 2143 269 2218 judiciis
288 2150 406 2215 terrere,
435 2164 493 2220 quo
518 2144 633 2220 plebem
653 2145 686 2200 in
706 2145 880 2220 magistratu
900 2143 1040 2220 placidius

151 2243 320 2296 tractarent
348 2238 421 2296 'Sed
441 2240 493 2296 ubi
513 2239 647 2314 primum,
678 2238 776 2296 dubiis
796 2241 890 2310 robae,
912 2239 1040 2297 novandi

151 2351 215 2409 spes
228 2334 328 2391 oblata
340 2341 392 2406 est,
412 2340 498 2391 vetus
516 2340 662 2392 certamen
679 2334 791 2392 animos
805 2353 905 2392 eorum
919 2334 1036 2395 arrexit

152 2427 264 2498 Quodsi
276 2424 370 2504 primo
383 2430 482 2505 praelio
493 2429 621 2487 Catilina
633 2429 771 2507 superior,
784 2436 836 2487 aut
849 2449 931 2505 aequa
940 2449 1038 2503 manu,

151 2523 334 2598 discessisset,
349 2527 478 2603 profecto
491 2546 596 2604 magns
606 2527 699 2584 clades
710 2532 799 2602 atque
808 2526 958 2584 calamitas
967 2544 1039 2582 rem·

151 2623 297 2699 publicam
311 2623 506 2698 oppressisset,
521 2641 617 2697 neque
629 2622 697 2693 illis,
713 2623 765 2697 qui
777 2621 930 2678 victoriam
940 2619 1039 2695 adepti

151 2719 256 2791 forent,
276 2721 386 2777 diutius
403 2739 436 2777 ca
455 2721 501 2777 uti
514 2719 651 2789 licuisset,
667 2718 739 2793 quin
756 2718 874 2775 defessis
893 2723 924 2774 et
939 2735 1040 2774 exsan-

151 2815 264 2891 guibus,
279 2816 331 2892 qui
344 2816 410 2891 plus
423 2821 527 2892 posset,
543 2815 698 2892 imperium
711 2819 801 2890 atque
811 2814 976 2871 libertatem
990 2833 1039 2870 ex-

150 2917 309 2988 torqueret.
359 2911 454 2969 Fuere
481 2917 581 2968 tamen
605 2915 690 2966 extra
709 2911 939 2985 conjurationem
963 2927 1038 2965 com-

150 3009 256 3084 plures,
275 3007 327 3084 qui
340 3006 385 3073 ,ad
408 3006 566 3064 Catilinam
586 3004 674 3062 initio
692 3004 816 3080 profecti
836 3009 925 3061 sunt:
944 3003 978 3059 in
990 3001 1037 3060 his

150 3103 496 3175 saevassaeuas
517 3102 616 3174 iilius3
636 3119 732 3176 quem,
752 3104 914 3158 retractum
934 3116 972 3155 ex
990 3097 1038 3161 iti-

149 3220 227 3273 nere,
242 3219 346 3277 parens
358 3199 457 3256 necari
471 3197 568 3273 jussit.
610 3196 720 3253 Iisdem
737 3194 917 3270 temporibus
933 3193 1036 3252 Βοιιιω

150 3296 304 3369 Lentulus,
326 3296 411 3353 sicuti
429 3293 557 3352 Catilina
569 3295 751 3369 preceperas,
766 3307 962 3366 quoscumque
975 3307 1035 3346 mo-

149 3390 232 3450 ribus
250 3395 303 3450 sut
325 3391 445 3449 fortuna
466 3389 551 3447 novis
570 3387 657 3446 rebus
679 3386 798 3443 idoneos
818 3382 961 3455 credebat,
982 3384 1035 3459 aut
