2426 3790
346 251 569 312 SALLUSI'II
593 252 619 309 J
623 252 828 313 ccccm.
995 259 1030 318 81

146 410 261 469 trahere
271 431 280 484 ;
308 430 417 483 rursus,
438 412 485 468 uti
504 416 597 482 antea,
619 411 767 486 proximos
787 412 850 486 ejus
870 411 954 469 donis
974 433 1035 471 cor·

146 507 265 581 rumpit,
296 506 409 581 ipsique
440 505 546 562 Mauro
574 506 728 582 pollicetur
752 506 901 564 Numidiae
922 520 1033 584 partem

146 602 273 672 tertiam,
298 603 323 658 si
341 609 394 658 aut
415 602 542 658 Romani
562 601 665 659 Africa
687 603 809 678 expulsi,
831 610 892 670 aut,
912 598 1034 680 integris

147 701 207 756 suis
234 701 349 771 finibus,
379 700 489 756 bellum
514 700 705 775 compositum
725 701 809 758 foret.
851 702 895 759 Eo
916 705 1034 778 praemio

147 795 270 864 illectus,
291 795 423 852 Bocchus
441 814 507 852 cum
523 816 629 872 magna
649 797 841 854 multitudine
854 798 875 854 J
877 799 1035 873 ugurtham

147 892 264 948 accedit.
308 891 358 949 Ita
382 892 536 949 amborum
556 894 687 950 exercitu
707 895 870 969 conjuncte,
896 894 1033 966 Marium,

144 991 206 1065 jam
225 990 258 1046 in
277 989 400 1047 hiberna
419 991 656 1066 proficiscentem,
677 991 730 1048 vix
750 992 861 1048 decima
883 998 967 1068 parte
987 993 1035 1049 die

147 1086 268 1162 reliqua,
282 1087 445 1144 invadunt:
466 1088 523 1144 rati
536 1097 661 1159 noctem,
674 1108 738 1165 quae
748 1089 812 1163 jam
825 1089 934 1160 aderat,
948 1091 1035 1148 victis

147 1183 204 1240 sibi
223 1185 405 1240 munimento
425 1186 493 1254 fore,
525 1191 562 1255 et,
592 1186 616 1241 si
636 1187 783 1256 vicissent,
813 1185 895 1242 nullo
915 1187 1035 1262 impedi-

147 1284 256 1350 mento,
270 1279 340 1354 quia
353 1279 481 1336 locorum
499 1282 621 1338 scientes
639 1288 743 1352 erant,
763 1288 873 1349 contra,
895 1282 1035 1339 Romanis

147 1381 306 1451 utrumque
328 1395 433 1433 casum
462 1377 495 1432 in
524 1378 652 1434 tenebris
681 1377 879 1435 difficiliorem.
927 1376 1034 1454 Igitur,

148 1470 235 1528 simul
248 1472 348 1528 consul
362 1493 399 1529 ex
419 1473 520 1529 multis
540 1473 576 1530 de
595 1473 723 1530 hostium
741 1473 871 1530 adventu
892 1474 1033 1549 cognovit,

149 1574 178 1626 et
195 1569 251 1644 ipsi
275 1569 371 1625 hostes
393 1570 534 1641 aderant,
562 1577 600 1641 et,
625 1571 795 1646 priusquam
819 1571 964 1627 exercitus
984 1577 1036 1626 aut

148 1666 264 1736 instrui,
285 1670 338 1721 aut
355 1665 481 1720 sarcinas
502 1666 644 1740 colligere,
663 1665 788 1740 denique
806 1671 963 1740 antequam
983 1665 1036 1739 sig-

148 1783 227 1834 num,
257 1770 310 1820 aut
332 1762 487 1837 imperium
507 1764 610 1834 ullum,
638 1766 766 1839 accipere
786 1763 893 1838 quivit,
923 1761 1036 1838 equites

149 1858 249 1916 Mauri
262 1865 350 1934 atque
364 1856 481 1930 Gaetuli,
500 1878 560 1916 non
573 1860 641 1931 acie,
656 1879 752 1935 neque
766 1859 826 1917 ullo
840 1879 920 1916 more
932 1858 1034 1934 praelii,

148 1955 197 2012 sed
211 1957 391 2025 catervatim,
407 1957 453 2012 uti
466 1975 596 2032 quosque
608 1957 667 2013 fors
680 1957 912 2031 conglobaverat,
923 1956 956 2010 in
969 1973 1035 2010 nos·
1087 1940 1089 1944 ’

148 2058 209 2108 tros
227 2059 423 2124 concurrunt,
446 2053 497 2128 qui
510 2072 618 2122 omnes,
640 2052 748 2128 trepidi
767 2050 925 2128 improuiso
946 2056 1036 2114 metu,

149 2165 183 2204 ac
204 2153 304 2204 tamen
321 2148 443 2205 virtutis
460 2167 607 2219 memores,
626 2154 678 2205 aut
699 2167 781 2205 arma
803 2147 963 2224 capiebant,
985 2156 1037 2201 aut

149 2246 295 2321 capientes
314 2245 386 2302 alios
406 2245 443 2302 ab
466 2245 598 2302 hostibus
622 2245 832 2302 defensabant:
862 2262 930 2319 pars
949 2261 1037 2318 equos

149 2341 308 2413 escendere,
331 2343 447 2399 obviam
468 2341 512 2398 ire
527 2341 677 2399 hostibus:
698 2361 796 2417 pugna
812 2340 965 2398 latrocinio
978 2358 1037 2397 ma-

149 2438 202 2513 gis,
221 2456 309 2514 quam
326 2437 434 2514 praelio,
450 2436 551 2493 similis
565 2437 646 2493 fieri:
666 2437 730 2494 sine
743 2439 842 2513 signis,
857 2438 919 2494 sine
932 2437 1038 2494 ordini-
1070 2433 1073 2437 ‘

150 2535 211 2606 bus,
234 2535 346 2608 equites
365 2534 478 2609 pedites
497 2533 645 2607 permixti,
669 2533 776 2590 caedere
800 2534 878 2605 alios,
900 2533 972 2590 ahos
991 2533 1038 2589 ob·
1100 2612 1102 2615 v

150 2638 294 2700 truncare,
309 2630 425 2700 multos,
441 2635 542 2686 contra
554 2629 689 2687 adversos
709 2631 848 2687 acerrime
865 2634 1037 2705 pugnantes,

102 2801 105 2805 ἱ
150 2727 187 2783 ab
203 2732 285 2802 tergo
306 2710 532 2785 circumvenire:
552 2747 647 2803 neque
660 2728 754 2784 virtus
767 2748 862 2804 neque
876 2746 956 2784 erma
969 2727 1038 2782 satis

150 2831 254 2899 tegere,
269 2823 347 2899 quod
361 2824 457 2880 hostes
470 2843 591 2881 numero
605 2825 711 2900 plures,
727 2832 762 2883 ut
777 2826 906 2901 undique
920 2828 1039 2884 circum-

151 2919 226 2976 fusi:
258 2919 384 2995 denique
413 2918 548 2993 Romani,
578 2927 691 2978 veteres
719 2918 877 3002 [novique],
898 2928 929 2980 et
948 2923 986 2980 ob
1005 2941 1040 2979 ea

150 3015 273 3071 scientes
297 3015 375 3087 belli,
404 3016 430 3072 si
459 3034 531 3092 quos
558 3014 637 3073 locus
665 3023 718 3074 aut
738 3037 818 3074 casus
838 3018 1036 3092 conjunxerat,

151 3112 234 3167 orbes
255 3110 367 3184 facere,
396 3117 484 3188 atque
514 3112 557 3169 ite
575 3112 621 3167 ,ab
646 3107 781 3169 omnihus
800 3111 932 3188 pertibus
952 3112 1039 3169 simul

151 3208 223 3266 tecti
236 3216 266 3266 et
279 3209 417 3267 instructi
429 3208 558 3266 hostium
572 3209 633 3265 vim
646 3210 857 3267 sustentabant

211 3303 363 3363 XCVIII.
406 3305 511 3381 Neque
530 3306 563 3361 in
586 3324 620 3361 co
641 3311 702 3362 tam
721 3324 822 3381 aspero
843 3305 960 3381 negotio
983 3288 1040 3362 ter·

151 3400 227 3457 ritus
245 3400 366 3473 Marius,
386 3407 437 3459 aut
453 3401 552 3478 magis,
573 3420 660 3477 quam
677 3407 770 3475 antea,
796 3400 918 3458 demisso
942 3403 1039 3460 animo

232 3514 296 3557 ruo.
941 3498 958 3555 6
