2426 3790
188 239 226 301 24
387 234 614 301 statuam
637 237 661 294 J
667 232 873 298 UGUBTHA.

186 397 256 469 citu,
283 394 364 473 legat
388 394 445 454 sibi
470 395 603 452 homines
628 394 750 466 nobiles,
776 395 917 464 factiosos,
948 411 1074 470 quorum

185 495 368 562 auctoritate,
385 513 450 570 quaa
466 493 643 569 deliquisset,
661 492 776 550 munita
791 491 853 550 fore
869 492 1020 567 sperabat:
1039 492 1074 547 in

185 591 268 668 queis
287 590 346 653 fuit
364 590 496 660 Scaurus,
517 590 600 664 cujus
620 590 657 647 de
678 594 786 646 natura
806 594 838 648 et
859 588 964 647 habitu
985 609 1074 664 supra
1194 594 1195 625 l

185 691 418 748 memoravimus.
459 689 491 746 N
491 708 539 746 am
557 689 589 746 in
609 688 725 747 consule
742 693 842 746 nostro
859 688 960 745 multa
977 688 1072 744 bona-
1099 716 1110 735 s

184 806 243 863 que
255 792 333 844 artes
343 786 438 843 ’animi
453 791 483 843 et
499 786 624 861 corporis
639 791 732 856 erant,
744 803 820 861 quas
835 803 934 867 omnes
947 785 1072 841 avaritia

185 882 398 959 praepediebatt
417 882 532 958 patiens
547 882 687 952 laborum,
706 882 766 938 acri
783 881 908 956 ingenio,
923 880 996 938 satis
1009 899 1072 955 pro

186 978 295 1050 videns,
310 978 380 1037 belli
395 978 473 1035 baud
488 977 614 1054 ignarus,
633 978 816 1035 firmissimus
829 983 930 1035 contra
943 978 1072 1054 pericula

185 1080 216 1131 et
228 1074 355 1132 insidias
397 1073 454 1132 Sed
470 1074 597 1150 legiones
612 1091 665 1149 per
679 1073 798 1130 Italiam
812 1073 967 1149 Rhegium,
982 1078 1070 1148 atque

185 1171 253 1228 inde
266 1170 404 1242 Siciliam,
418 1189 504 1247 porro
519 1189 559 1227 ex
571 1169 671 1227 Sicilia
685 1170 719 1227 in
731 1170 874 1240 Africam,
888 1175 1068 1231 transvecta,
1195 1180 1196 1213 ³

185 1266 284 1341 Igitur
300 1265 475 1341 Calpurnius
493 1264 587 1336 initio,
604 1265 713 1341 paratis
733 1265 948 1335 commeatibus,
964 1264 1071 1320 acriter

185 1361 357 1419 Numidiam
382 1363 527 1437 ingressus
549 1368 613 1434 est3
637 1360 746 1418 multos
771 1359 908 1418 mortales
932 1366 962 1417 et
982 1360 1070 1416 urbes

184 1457 296 1535 aliquot
308 1458 465 1533 pugnando
478 1458 563 1532 cepit.
1196 1490 1197 1517 1

243 1553 367 1611 XXIX.
409 1552 475 1626 Sed,
497 1554 550 1610 ubi
569 1553 719 1630 Jugnrtba
741 1572 794 1631 per
814 1554 925 1630 legatos
946 1553 1070 1630 pecunia

183 1657 306 1722 tentare,
340 1650 489 1726 bellique,
516 1650 595 1728 quod
624 1651 855 1723 administrabat,
882 1650 1069 1727 asperitatem
1196 1634 1197 1695 Ῐ

183 1747 334 1805 ostendere
353 1749 448 1823 coepit,
471 1747 586 1805 animus
606 1767 682 1824 aeger
703 1749 827 1805 avaritia
846 1747 930 1806 facile
951 1766 1068 1806 convcr-

183 1862 231 1901 sus
245 1850 297 1903 est
339 1843 476 1901 Ueterum
492 1843 585 1900 socius
601 1850 632 1907 et
648 1843 820 1900 administer
834 1842 966 1900 omniurn
979 1842 1069 1899 consi·

183 1941 289 1998 liorurn
311 1941 476 1998 adsumitur
494 1939 638 1997 Scaurus:
658 1939 717 2015 qui,
739 1940 856 1996 tansetsi
878 1958 896 1996 a
916 1938 1066 2015 principio,

182 2036 327 2113 plerisque
346 2053 385 2092 ex
405 2033 530 2093 factione
550 2033 786 2109 ejuscorruptis,
810 2038 949 2092 acerrime
971 2053 1067 2109 regem

183 2136 405 2209 impugnaverat
409 2149 419 2203 3
439 2135 547 2201 tamen,
567 2129 769 2204 magnitudine
789 2131 927 2207 pecunia,
951 2150 970 2187 a
992 2131 1068 2187 bono

183 2230 361 2304 honestoque
380 2228 412 2284 in
430 2246 553 2303 pravum
569 2227 731 2285 abstractus
750 2233 803 2286 est.
845 2227 902 2285 Sed
917 2227 940 2284 J
941 2227 1069 2303 ugurtha

183 2325 310 2402 primum
326 2321 529 2381 tantummode
551 2323 622 2380 belli
644 2342 756 2381 moram
776 2325 945 2396 redimebat,
969 2325 1069 2381 existi-

182 2438 274 2490 mans,
295 2438 355 2477 sese
373 2418 486 2495 aliquid
504 2419 623 2477 interim
644 2420 754 2492 Roma,
776 2423 871 2498 pretio
893 2428 946 2481 aut
963 2423 1066 2498 gratia,

183 2516 353 2591 effectuum
364 2536 372 2573 t
389 2519 489 2591 postea
500 2534 571 2572 vero
582 2535 671 2592 quam
684 2516 855 2592 participem
863 2517 975 2592 negotii
982 2518 1068 2575 Scau·

183 2633 251 2671 rum
271 2618 426 2688 acceperat,
448 2611 482 2669 in
503 2612 660 2669 maximam
684 2631 765 2689 spem
787 2612 929 2671 adductus
951 2631 1067 2689 recepe

183 2708 282 2767 sanda
299 2707 385 2785 pacis,
403 2708 510 2766 statut
530 2726 597 2766 cum
616 2708 653 2765 iis
674 2708 711 2766 dc
730 2709 865 2766 omnibus
885 2709 1068 2786 pactionibus

183 2823 308 2883 praesens
321 2823 415 2880 agere.
455 2803 591 2861 Ceterum
601 2805 722 2871 interea,
734 2803 803 2861 fidei
816 2822 923 2874 caussa,
937 2804 1069 2862 mittitur

182 2923 202 2961 a
220 2902 337 2961 consule
350 2901 471 2959 Sextius
490 2905 617 2977 quaestor
632 2901 664 2957 in
677 2899 817 2975 oppidum
831 2899 989 2974 Jugnrthoe
1007 2902 1068 2958 Va-

183 3019 265 3076 gam,
286 2998 370 3073 cujus
387 2997 431 3054 rei
453 2996 561 3073 species
582 3000 647 3054 erat
669 2997 797 3071 acceptio
819 2995 969 3068 frumenti,
990 2998 1068 3073 quod

184 3095 359 3172 Calpurnius
374 3095 470 3172 palam
487 3093 591 3169 legatis
608 3094 817 3168 imperaverat;
837 3091 976 3169 quoniam
989 3093 1068 3151 dedi-

183 3191 273 3248 tionis
285 3210 366 3248 mora
381 3189 505 3247 inducite
521 3188 715 3264 agitabantur.
757 3187 855 3263 Igitur
867 3205 929 3259 rex,
943 3187 990 3244 uti
1003 3206 1068 3244 con-

185 3287 328 3359 stituerat,
348 3287 380 3344 in
398 3291 492 3344 castra
508 3284 606 3357 venit;
624 3302 659 3343 ae
670 3302 769 3360 pauca,
786 3282 923 3358 prasenti
937 3281 1065 3352 consilio,

185 3380 299 3439 locutus
317 3382 352 3440 de
370 3382 482 3441 invidia
499 3382 570 3442 facti
587 3387 676 3458 atque
693 3381 726 3438 in
739 3379 916 3438 deditionem
932 3377 978 3437 uti
994 3378 1068 3436 acci·
