2426 3790
342 264 567 330 aroucam
588 266 824 329 Juocarua,
898 331 902 343 ,
988 269 1027 329 ta
1113 254 1116 260 ’

138 431 278 484 onustum
297 425 508 502 proficiscitur:
529 425 628 482 omnia
645 425 688 483 ibi
706 431 791 501 capta
811 424 955 482 militibus
977 424 1027 481 do·

138 528 211 594 nat;
239 520 307 578 dein
334 521 451 578 castella
481 526 511 578 et
530 521 637 596 oppida
656 526 764 576 natura
782 527 813 576 et
832 519 903 576 viria
922 537 1026 595 parum

138 620 255 677 munita
271 618 459 694 adgreditur:
479 618 579 694 praelia
598 617 699 688 multa,
723 622 852 674 ceterum
868 615 946 673 levia
958 615 1023 686 alia,

138 714 204 772 aliia
232 713 301 771 locis
328 713 429 772 facere.
472 712 599 770 Interim
626 712 696 769 novi
719 712 828 769 milites
855 712 917 770 aine
943 718 1025 771 metu

138 827 244 886 pugna
259 808 379 867 adesse:
399 808 498 866 videre
520 808 664 883 fugientes
681 808 753 883 capi,
773 808 885 879 occidi3
905 808 1025 865 fortissi-

138 920 219 962 mum
228 904 581 980 quemquetutiaaimum3
601 903 690 961 armis
702 902 874 974 libertatem,
888 901 1022 979 patriam,

137 1008 337 1077 parentesque,
348 1006 379 1057 et
388 1000 559 1071 aliaomnia,
569 1000 648 1075 tegi;
667 999 790 1074 gloriam
803 1005 892 1076 atque
905 999 1024 1058 divitiae

138 1097 236 1171 quaeri⁶
279 1096 327 1153 Sic
342 1096 424 1153 brevi
441 1096 536 1171 spatio
557 1098 627 1153 novi
647 1104 818 1171 veteresque
833 1096 971 1168 coaluere,
993 1104 1025 1154 et

137 1191 372 1249 virtuaomuium
386 1191 594 1267 aequaliafacta
633 1192 680 1248 At
689 1209 777 1268 reges,
787 1192 839 1248 ubi
848 1191 885 1249 de
894 1192 1024 1252 adventu

138 1287 229 1344 Marii
247 1292 452 1363 coguoverunt,
475 1287 582 1343 diversi
603 1272 636 1342 iu
657 1286 734 1344 loooa
755 1285 884 1343 difficiles
903 1287 1021 1345 abeunt.

138 1384 188 1441 Ita
204 1383 360 1459 Jugurchae
381 1382 538 1457 placuerat,
557 1384 695 1460 aperanti,
714 1402 784 1440 mox
801 1384 907 1442 effimos
925 1383 1023 1442 hoatee

136 1479 239 1537 invadi
251 1496 333 1555 pocae
342 1499 352 1551 3
374 1479 528 1550 Romanoa,
540 1478 627 1537 menti
639 1481 799 1557 plerosque,
806 1485 918 1539 remoto
931 1486 1021 1554 metu,

136 1577 233 1635 laxius
245 1576 439 1652 licentiusque
450 1577 572 1635 futuros.

197 1670 417 1729 LXXXVIII.
459 1670 725 1743 Metelluaiuterea,
734 1672 859 1730 Romam
867 1672 1020 1748 profectus,

135 1773 238 1824 contra
255 1786 336 1844 spem
352 1786 442 1841 auam,
462 1769 618 1826 latissimis
635 1770 740 1827 animia
757 1771 922 1847 excipitur3
942 1772 1022 1848 plebi

136 1866 333 1942 patribusque,
350 1869 503 1940 postquam
520 1866 632 1923 invidia
645 1868 811 1940 decesserat,
827 1869 916 1943 juxta
928 1888 1018 1930 carue.
1130 1922 1133 1928 .

136 1960 193 2019 Sed
207 1961 322 2019 Mariua
336 1962 460 2040 impigre
476 1965 693 2040 prudenterque
707 1981 826 2020 auorum
842 1970 873 2021 et
891 1963 1021 2022 hostium

134 2076 181 2117 rea
196 2060 306 2135 pariter
322 2061 495 2119 adtendere:
515 2074 683 2136 cognoscere
699 2059 770 2135 quid
791 2059 862 2116 boui
879 2061 1020 2136 utrisque,

134 2163 188 2213 aut
201 2161 310 2227 uonna,
329 2163 421 2215 esset:
442 2157 594 2233 explorare
611 2157 719 2214 itinera
732 2172 841 2232 regum,
856 2157 975 2214 consilia
990 2162 1021 2215 et

134 2253 255 2310 insidiae
280 2255 466 2311 antevenire:
495 2253 570 2309 nihil
593 2252 672 2329 apud
695 2270 726 2308 ae
744 2250 905 2321 remissum,
926 2270 1021 2328 neque

134 2350 213 2425 apud
226 2348 292 2406 illoc
303 2354 411 2419 tutum,
430 2348 510 2424 pati:
531 2348 637 2425 Itaque
658 2354 689 2405 et
710 2344 846 2419 Gaetulos,
861 2354 891 2405 et
910 2348 1020 2424 Iugur·

134 2445 226 2516 tham,
240 2462 279 2502 ex
293 2445 376 2501 sociis
389 2445 496 2501 nostris
504 2444 630 2519 praedam
643 2450 767 2519 agentes,
783 2463 857 2519 aeepe
870 2445 1020 2520 adgressus

135 2544 168 2600 in
187 2542 294 2600 itinere
312 2542 436 2611 fuderat,
461 2541 614 2616 ipsumque
639 2558 738 2616 regem
757 2540 836 2597 haud
855 2541 956 2615 procul
983 2542 1020 2599 ab

130 2639 242 2716 ‘oppido
260 2637 342 2695 Cirta
358 2637 446 2693 armis
463 2641 592 2693 exuerat.
635 2635 706 2703 Qua
723 2640 878 2711 postquam
897 2635 1021 2711 gloriosa

135 2735 228 2806 modo,
258 2752 353 2808 neque
372 2732 442 2789 belli
461 2731 604 2807 patrandi,
634 2731 778 2806 coguovit,
799 2731 905 2789 statuit
924 2732 1018 2803 urbes,

133 2849 200 2906 quoe
209 2828 281 2886 viria
290 2835 343 2885 aut
352 2829 415 2886 looo
425 2847 477 2904 pro
489 2824 628 2897 hostibus,
639 2833 670 2884 et
682 2827 835 2884 adversum
845 2847 876 2886 ee
883 2833 1019 2904 opportu-

135 2925 261 2982 nissimae
280 2928 373 2994 erant,
393 2923 521 2998 singulae
537 2924 763 2981 circumvenire:
783 2926 826 2982 ita
839 2923 1019 3000 Iugurtham

133 3027 188 3079 aut
204 3021 346 3097 praeaidiia
360 3019 513 3087 nudatum,
526 3020 552 3077 ai
565 3039 600 3077 aa
612 3026 768 3096 pateretur,
783 3027 836 3078 aut
850 3020 949 3097 praelio
962 3038 1019 3077 oer-

134 3104 276 3175 taturum.
311 3116 391 3173 Nam
404 3115 537 3174 Bocchus
545 3117 666 3174 nuncios
676 3118 713 3174 ad
723 3137 791 3175 cum
803 3136 878 3193 aoepe
890 3118 1015 3189 miserat,

135 3211 237 3270 “velle
249 3211 351 3289 populi
364 3212 490 3269 Romani
502 3213 667 3285 amicitiam,
686 3214 808 3289 nequid
821 3214 859 3271 ab
871 3233 902 3272 ae
913 3213 1018 3272 hostile

134 3309 278 3368 timeret.'’
319 3308 358 3368 Id
373 3311 608 3383 -aimulaverituq
632 3330 690 3386 quo
709 3306 883 3386 improvisus
903 3312 1019 3388 gravior
