2426 3786
185 220 203 284 8
400 218 624 284 SALLUSTII
650 216 856 281 cluimus.

183 373 340 449 republica,
369 391 408 430 ex
434 372 519 430 bonis
550 370 645 430 initiis
674 369 765 427 malos
794 373 917 427 eventus
946 367 1070 441 habuit,

183 488 284 547 rapere
297 488 405 542 omnes,
415 469 539 541 trahere,
549 468 668 525 domum
675 467 760 538 alius,
771 466 846 524 alius
855 485 939 542 agros
952 484 1071 542 cupere:

180 586 278 644 ¹neque
291 565 419 638 modum,
433 584 529 642 neque
541 563 851 637 modestiamvictcres
863 562 977 636 habere,
996 561 1072 619 foeda

182 662 367 738 crudeliaque
380 661 412 719 in
426 661 539 718 civibus
552 661 680 718 facinora
692 660 794 719 facere.
829 658 899 717 Huc
908 659 1069 731 accedebat,

181 763 261 840 quod
271 761 305 822 L.
318 762 400 820 Sulla
410 761 580 831 exercitum,
590 779 678 837 quem
688 760 721 816 in
733 758 810 816 Asia
818 758 997 829 ductaverat,
1013 777 1071 834 quo

182 859 239 917 sibi
252 858 344 916 fidum
368 858 485 929 faceret,
505 864 608 916 contra
625 875 737 914 morem
753 855 905 931 majorum,
921 854 1071 911 luxuriose

181 954 327 1029 nimisque
339 953 500 1011 liberaliter
511 952 655 1013 habuerat
661 972 670 1026 3
690 952 754 1009 loca
762 970 884 1022 amoena,
895 951 1069 1027 voluptaria,

181 1049 266 1108 facile
279 1051 312 1107 in
325 1050 386 1107 ctio
399 1051 508 1108 feroces
521 1051 650 1108 militum
661 1049 773 1106 animos
786 1048 980 1106 molliverant.
1022 1048 1070 1105 Ibi
1185 1074 1191 1089 ι

180 1147 309 1223 primum
330 1146 459 1204 insuevit
477 1146 622 1208 exercitus
638 1145 740 1222 populi
757 1143 885 1202 Romani
902 1163 1008 1215 amare,
1022 1162 1072 1220 po

180 1248 264 1315 tare3
284 1242 374 1319 signa,
388 1242 503 1300 tabulas
515 1243 617 1318 pictas,
628 1261 697 1299 vasa
710 1242 810 1300 caelata
823 1241 944 1314 mirari;
965 1258 1001 1303 ea
1012 1241 1071 1317 pri·

181 1341 278 1398 vatim
295 1358 328 1397 ac
341 1340 457 1415 publice
472 1358 593 1416 rapere;
613 1339 736 1397 delubra
749 1339 890 1415 spoliare5
912 1357 993 1397 sacra
1006 1356 1070 1414 pro·

180 1435 306 1512 fanaque
330 1435 428 1492 omnia
445 1434 583 1511 polluere.
624 1434 724 1511 Igitur
740 1434 772 1492 hi
784 1434 902 1505 milites,
916 1439 1071 1509 postquam

180 1532 332 1591 victoriam
340 1530 441 1608 adepti
449 1536 528 1604 sunt,
539 1531 614 1589 nihil
623 1531 730 1607 reliqui
737 1531 824 1589 victis
831 1531 931 1588 fecere
954 1528 1070 1605 Quippe

179 1629 313 1686 secundae
324 1648 370 1686 res
380 1628 558 1705 sapientium
565 1629 678 1687 animos
687 1629 814 1705 fatigant
826 1648 833 1687 :
853 1647 891 1686 ne
900 1627 1071 1705 illiccrrup-

179 1723 221 1782 tis
233 1723 516 1806 moribusuictoiiaa
529 1730 737 1801 temperarent.

241 1818 318 1877 XII.
355 1819 522 1896 ,Postquam
551 1820 663 1881 divitiae
693 1819 798 1878 honori
818 1839 937 1896 coepere,
964 1824 995 1879 et
1021 1838 1071 1877 eas

178 1912 280 1992 gloria,
301 1915 465 1991 imperium,
485 1917 618 1992 potentia
634 1919 810 1993 sequebatur
818 1937 829 1991 3
849 1918 1000 1976 hebescere
1013 1918 1071 1974 vir-

179 2020 238 2084 tus,
260 2018 417 2089 paupertas
434 2013 540 2087 probro
554 2012 663 2086 haberi,
687 2013 857 2071 innocentia
879 2031 932 2089 pro
950 2013 1070 2069 malivo-

179 2107 272 2166 lentia
301 2106 370 2164 duci
390 2107 484 2183 coepit.
526 2108 633 2185 Igitur,
663 2128 702 2166 ex
729 2110 851 2183 divitiis,
879 2110 1069 2186 juventutem

179 2204 299 2263 luxuria
311 2210 401 2280 atque
413 2204 545 2278 avaritia,
561 2224 629 2264 cum
641 2207 784 2283 superbia,
798 2208 944 2266 invasere:
958 2226 1068 2284 rapere,

178 2319 348 2359 consumere
359 2321 367 2373 ;
387 2319 442 2359 sua
458 2303 542 2378 perri
563 2304 697 2379 pendere,
717 2303 814 2363 aliena
836 2324 960 2382 cupere3
980 2305 1069 2381 pudo

180 2416 253 2469 rem,
282 2398 463 2474 pudicitiam,
492 2399 594 2457 divine
621 2406 710 2477 atque
737 2402 867 2461 humana
895 2403 1067 2479 promiscua,

178 2494 256 2552 nihil
274 2482 357 2571 pe'nsi
378 2513 473 2571 nsque
495 2496 639 2554 moderati
661 2496 777 2556 habere.
818 2497 920 2574 Operae
941 2498 1068 2574 pretium

177 2595 233 2662 est,
248 2608 340 2667 quum
362 2589 462 2648 domos
483 2597 572 2668 atque
595 2592 681 2650 villas
703 2595 873 2670 cognoveris
894 2595 928 2652 in
950 2594 1068 2653 urbium

179 2688 299 2747 modum
313 2688 513 2760 exedificatas,
528 2689 623 2747 visere
634 2691 745 2766 templa
758 2689 961 2766 deorumque
974 2692 1068 2749 nostri

179 2785 311 2861 majores,
340 2784 548 2860 religiosissimi
576 2785 720 2859 mortales,
747 2786 848 2846 fecere.
889 2786 1004 2845 Verum
1023 2788 1069 2846 illi

180 2882 302 2942 delubra
315 2880 436 2938 deorum
448 2881 566 2956 pietate,
581 2882 682 2940 domos
695 2901 762 2941 snas
771 2882 864 2959 gloria
877 2882 1053 2942 decorabant
1060 2904 1070 2958 3

179 2999 275 3058 neque
288 2979 374 3038 victis
390 2978 560 3055 quidquam,
578 2985 686 3056 preter
702 2980 818 3056 injurios
836 2979 993 3051 licentiam,
1015 2982 1071 3039 eri·

180 3075 308 3152 piebant.
348 3072 396 3130 At
408 3071 441 3130 hi
453 3080 562 3146 contra,
578 3074 759 3149 ignavissimi
772 3075 913 3147 homines,
929 3094 982 3152 per
994 3095 1071 3134 sum·

180 3191 264 3230 mum
285 3168 377 3228 scelus
398 3170 497 3228 omnia
518 3189 553 3228 ea
575 3171 660 3230 sociis
680 3173 816 3244 adimere,
838 3192 904 3249 qum
918 3172 1070 3233 fortissimi

180 3269 240 3327 viri
252 3268 376 3326 victores
388 3267 582 3346 reliquerant:
596 3269 718 3345 proinde
728 3270 958 3349 quasiinjuriam
965 3269 1065 3343 facere,

181 3364 213 3424 id
226 3364 344 3423 demum
356 3371 430 3425 esset
443 3365 566 3447 imperio
578 3366 634 3428 uti.
