2426 3790
335 251 561 316 SALLUSTII
584 251 611 308 J
615 245 824 309 UGUBTHA.
991 245 1026 303 41

135 412 266 484 meridie,
288 408 406 468 nomine
430 406 572 478 Muthu13
599 425 617 465 a
637 424 695 481 quo
715 403 816 461 aberat
836 406 924 461 mons
939 402 1029 460 ferme

136 510 230 568 millio
249 525 388 585 paesium
407 521 469 576 xx,
490 509 589 561 tractu
609 501 680 577 pari,
696 506 797 558 vastus
815 500 853 557 ab
873 504 980 556 natura
999 506 1030 556 et

136 605 265 663 humano
278 602 380 660 cultu:
400 601 452 658 sed
465 619 502 657 ex
516 619 551 657 eo
563 598 660 655 medio
673 598 757 672 quasi
775 597 856 654 collis
874 596 1029 663 oriebatur,

136 702 170 759 in
186 700 361 757 immensum
374 697 551 773 pertingens,
563 694 689 751 restitus
701 694 825 751 oleastro
838 712 872 751 ec
884 693 1028 767 myrtetis,

137 797 261 872 aliisque
287 794 442 870 generibus
467 791 614 864 orborum,
639 809 703 865 quse
729 789 814 846 humi
837 789 918 847 aritio
941 794 1030 865 etque

138 910 259 949 arenoso
284 890 453 966 gignuntur.
496 887 597 945 Media
623 892 722 943 eutem
748 887 885 961 planities
908 889 1029 957 deserte,

139 987 262 1064 penuria
294 1004 386 1060 aque,
413 988 519 1060 praeter
551 981 668 1039 flumini
692 983 857 1058 propinqua
882 984 963 1041 loca:
996 1002 1032 1040 ee

140 1084 251 1143 consita
277 1081 412 1152 arbustis,
436 1099 539 1156 pecore
564 1087 654 1156 atque
680 1078 1032 1158 cultoribusirequenta

141 1180 259 1238 bantur.

200 1273 318 1334 XLIX.
354 1272 454 1349 Igitur
466 1272 499 1329 in
510 1292 546 1330 eo
558 1273 638 1344 collo,
649 1292 736 1349 quem
749 1278 914 1332 transverso
927 1275 1033 1333 itinere

141 1378 307 1449 porrectum
320 1369 479 1438 docuimus,
491 1368 513 1425 J
513 1370 650 1444 ugurtha,
661 1376 821 1426 extenuata
832 1389 953 1427 suornm
963 1374 1032 1443 acie,

143 1467 292 1525 coneedit:
327 1465 490 1542 elephantis
517 1474 547 1523 et
576 1465 654 1541 parti
670 1467 828 1542 ‚copiarum
854 1467 1033 1543 pedestrium

142 1562 337 1622 Bomilcarem
350 1562 488 1638 praeiecit,
498 1581 623 1637 eumque
636 1561 745 1632 edocet,
755 1580 820 1637 quae
834 1570 951 1637 ageret:
973 1564 1034 1640 ipse

142 1659 262 1738 propior
286 1664 418 1717 montem
444 1677 512 1716 cum
543 1659 623 1715 omni
656 1659 790 1735 equitatu
823 1667 855 1717 et
887 1661 1034 1736 peditibus

144 1756 263 1813 delectis
289 1773 356 1812 suos
382 1754 523 1812 collocat:
551 1755 626 1824 dein,
652 1755 780 1830 singulas
806 1761 919 1813 turmas
946 1763 1034 1833 atque

144 1855 309 1931 manipulos
332 1852 511 1921 circumiens,
532 1856 632 1907 monet
653 1856 742 1926 etque
763 1851 933 1923 obtestatur,
953 1854 1034 1924 “uti

144 1970 286 2008 memores
304 1949 435 2025 pristinae
450 1946 571 2003 virtutis
589 1951 620 2003 et
632 1946 768 2014 victoriae,
783 1967 844 2003 sese
856 1967 1036 2024 regnumque

145 2065 233 2104 suum
259 2046 296 2101 ab
320 2044 521 2101 Romanorum
547 2042 673 2098 avaritie
696 2041 871 2102 defendant:
900 2063 967 2101 cnm
990 2045 1037 2101 his

146 2149 292 2200 certamen
307 2140 376 2210 fore,
391 2124 465 2215 quos
476 2144 565 2196 antea
578 2139 671 2196 victos
688 2139 744 2195 snb
760 2140 864 2215 jugum
884 2141 1035 2197 miserint:

146 2238 251 2296 ducem
262 2238 330 2309 illis,
339 2256 398 2294 non
409 2236 547 2305 animum,
556 2242 719 2294 mutatum:
733 2257 800 2311 quee
813 2238 850 2294 ab
863 2238 1038 2314 imperatore

147 2334 306 2402 decuerint,
319 2333 418 2390 omnia
438 2333 499 2389 suia
513 2324 649 2409 provisa:
674 2333 770 2389 locum
791 2335 977 2407 superiorem,
991 2336 1038 2392 uti

146 2432 305 2508 prudentes
325 2450 393 2488 oum
411 2430 564 2506 imperitis,
581 2448 618 2486 ne
638 2431 788 2505 panciores
807 2449 873 2486 oum
895 2430 1036 2506 pluribus,

146 2534 200 2587 aut
219 2528 306 2585 rudes
326 2546 393 2584 cum
413 2526 489 2583 bello
510 2526 685 2596 melioribus,
700 2545 820 2582 manum
834 2534 1038 2585 consererent:

147 2623 269 2698 proinde
289 2623 385 2699 parati
402 2621 569 2698 intentique
582 2628 687 2693 essent,
701 2623 785 2697 signo
798 2624 877 2689 dato,
892 2624 1040 2681 Romanos

147 2719 305 2778 invadere:
326 2719 411 2776 illum
431 2719 510 2776 diem
529 2725 582 2776 ant
601 2737 702 2776 omnes
722 2720 834 2776 labores
853 2725 884 2776 et
904 2721 1040 2777 victorius

147 2817 396 2886 confimatumrm,
416 2820 469 2871 aut
488 2815 684 2871 maximarum
704 2833 900 2871 aerumnarum
920 2814 1040 2871 initium

147 2914 235 2972 iore.'’
275 2911 328 2969 Ad
345 2910 401 2968 hoc
413 2910 534 2981 viritim,
551 2909 596 2967 uti
609 2929 762 2986 quemque,
779 2911 816 2967 ob
832 2911 959 2967 militare
972 2909 1041 2967 faci-

148 3029 214 3081 nus,
242 3007 366 3085 pecunia
392 3013 446 3064 aut
476 3007 586 3064 honore
613 3006 768 3079 extulerat,
797 3005 1041 3063 commonefacere

149 3106 284 3165 beneficii
296 3104 349 3175 sui,
363 3109 394 3162 et
406 3123 474 3161 eum
494 3103 591 3179 ipsam
611 3103 677 3160 eliis
696 3111 864 3160 ostentare:
885 3107 1039 3176 postremo,

149 3219 204 3279 pro
222 3201 362 3276 cujusque
381 3200 506 3275 ingenio,
524 3199 694 3275 pollicendo,
709 3198 882 3268 minitando,
898 3198 1043 3255 obtestan-

149 3296 198 3366 do,
213 3296 304 3353 alium
324 3295 382 3352 elio
401 3297 489 3353 modo
510 3295 657 3367 excitare3
678 3314 743 3351 oum
759 3295 876 3351 interim
893 3293 1040 3365 Metelius,

150 3394 272 3470 ignarus
303 3391 440 3465 hostium,
474 3398 574 3449 monte
607 3390 777 3466 degrediens
811 3408 877 3446 oum
909 3388 1044 3446 exercitu
