2432 3788
190 250 208 308 8
391 248 616 312 SALLUSPII
640 248 667 305 J
670 248 873 310 UGURTHA.

188 403 240 479 qui
258 403 423 478 opulentior
439 407 491 474 est,
511 402 627 461 etiamsi
644 401 751 479 accipit
762 402 908 479 injuriam,
923 401 993 480 quia
1004 401 1072 480 plus

187 503 291 575 potest,
302 499 396 556 facere
405 498 529 558 videtur.
557 498 621 556 Vos
631 507 739 570 autem,
747 497 900 559 Adherbal
910 505 941 556 at
949 498 1072 577 Hiemp-

188 596 238 667 sal,
253 595 348 667 colite,
363 595 513 652 observate
526 595 617 653 talem
629 595 707 654 hunc
719 596 825 666 virum,
844 595 1003 652 imitamini
1015 595 1072 652 vir·

187 697 290 763 tutem,
311 697 341 748 et
354 692 509 764 enitimini,
529 711 567 749 ne
580 711 633 769 ego
650 691 783 751 meliores
798 691 903 749 liberos
916 691 1071 767 sumpsisse

187 787 295 857 videar,
311 807 399 877 quam
412 788 569 863 genuisse’'

245 882 305 941 XI
332 862 386 940 nd
399 882 603 960 eaJugurtha,
618 882 752 941 tametsi
748 901 847 960 regem
860 883 929 942 ficta
940 882 1070 941 locutum

186 978 376 1055 intelligebat,
392 981 444 1037 et
436 999 496 1056 rpse
510 980 595 1056 longe
609 980 696 1037 aliter
707 980 806 1037 animo
818 980 956 1056 agitabat,
971 985 1070 1036 tamen

186 1093 239 1150 pro
256 1081 388 1152 tempore
406 1076 530 1151 benigne
548 1076 704 1152 respondit
746 1074 872 1153 Micipsa
888 1076 988 1152 paucis
1005 1082 1071 1151 post
1115 1061 1119 1066 ’

186 1172 287 1229 diebus
301 1173 433 1230 moritur.
468 1172 627 1247 Postquam
641 1173 692 1243 illi,
708 1190 789 1229 more
801 1173 890 1248 regio,
900 1173 981 1247 justa
993 1189 1070 1247 mag·

185 1269 301 1326 nilieere
318 1270 453 1341 fecerant,
470 1269 564 1344 reguli
572 1270 613 1331 ,in
633 1287 726 1325 unum
743 1286 909 1339 convenere,
928 1267 974 1324 uti
991 1266 1070 1324 inter

185 1383 215 1421 se
228 1365 264 1422 de
277 1366 389 1422 cunctis
402 1364 525 1440 negotiis
538 1365 739 1440 disceptarent.
769 1363 827 1422 Sed
840 1362 1001 1439 Hiempsal,
1017 1362 1070 1439 qui

185 1461 323 1518 minimus
342 1480 380 1517 ex
397 1461 464 1532 illis,
484 1467 591 1518 natura
607 1461 697 1532 ferox,
718 1459 807 1518 etiam
820 1465 889 1517 ante
902 1458 1068 1535 ignobilita-

184 1562 245 1614 tem
257 1556 279 1615 J
280 1556 422 1632 ugurtha,
437 1556 507 1632 quia
519 1562 651 1612 materno
664 1574 769 1631 genere
782 1555 876 1631 impar
889 1560 959 1627 erat,
975 1554 1068 1629 daspi·

184 1653 270 1724 ciens,
281 1653 385 1710 dextra
394 1652 594 1709 Adherbalem
607 1652 721 1709 adsedit
726 1672 735 1725 3
747 1671 785 1709 ne
795 1652 907 1709 medius
916 1669 954 1708 ex
963 1652 1068 1724 tribus,

185 1751 262 1826 qued
283 1751 361 1825 apud
381 1749 526 1807 Numidas
547 1748 651 1806 honori
669 1748 794 1820 ducitur,
814 1748 964 1826 Jugurtha
982 1749 1065 1806 foret

184 1845 262 1904 Dein
271 1852 379 1911 tamen,
389 1846 435 1916 uti
444 1846 526 1903 aetati
539 1845 716 1918 concederet,
727 1844 867 1920 fatigatus
878 1864 895 1901 a
905 1845 1002 1915 fratre,
1014 1844 1067 1901 vix

183 1942 215 1998 in
228 1946 340 2017 partem
353 1942 474 1999 alteram
488 1941 676 1998 transductus
688 1946 740 2000 est.
784 1941 832 1998 Ibi
845 1960 912 1998 curn
925 1940 1018 1998 multa
1031 1940 1068 1997 de

183 2035 413 2092 administrando
426 2035 547 2110 imperio
557 2035 738 2107 dissererent,
750 2033 772 2092 J
772 2035 900 2111 ugurtha
908 2035 987 2092 inter
995 2035 1068 2092 alias

183 2150 228 2188 res
242 2132 330 2206 jacit:
352 2146 503 2187 orcarum
523 2145 726 2201 emucunuun
747 2145 897 2189 cousunrs
915 2145 1012 2187 ouum
1029 2145 1067 2186 nr

183 2245 317 2285 nussum
337 2243 491 2299 auscium
511 2243 577 2284 unu
598 2244 656 2284 rua
673 2241 714 2284 sn
730 2241 871 2285 ruuroaa
889 2240 1066 2284 commun

183 2340 274 2381 suuis
295 2339 437 2381 urcresau
457 2340 559 2382 rsauu
580 2340 678 2380 aurun
696 2339 846 2382 vsnmssu
886 2321 962 2378 lum
979 2335 1063 2390 mnu,

183 2419 345 2495 Hiempsal,
366 2420 757 2497 ruscnaus1n1,resp0ndit:
778 2436 844 2478 usn
864 2435 955 2478 Iesum
972 2434 1065 2477 mnu

183 2532 288 2574 narsus
298 2533 439 2574 Pnoxms
452 2533 543 2575 aunis
556 2533 763 2574 anorrfflonu
776 2533 810 2575 ln·
822 2532 948 2574 annm
958 2530 1064 2573 suavu-

183 2628 273 2670 mssa.
306 2612 390 2681 Quod
402 2615 524 2670 verbum
537 2614 569 2670 in
582 2620 683 2689 pectus
695 2613 718 2670 J
718 2613 851 2690 ugurtha
865 2613 963 2684 altius,
977 2631 1066 2688 quam

182 2709 335 2785 quisquam
348 2716 429 2767 ratus
438 2716 509 2781 erat,
522 2710 678 2768 deseendit.
708 2709 822 2786 Itaque,
834 2728 873 2766 ex
882 2728 915 2767 eo
925 2716 1064 2785 tempore,

155 2859 157 2865 ,
182 2804 227 2862 ira
247 2811 277 2862 ct
298 2812 380 2863 metu
400 2808 514 2878 anxius,
537 2808 643 2878 moliri,
669 2826 787 2884 parare;
814 2813 904 2883 atque
926 2825 961 2864 ca
980 2805 1066 2863 medo

182 2918 248 2957 cum
264 2901 361 2957 animo
378 2901 490 2972 habere,
509 2903 615 2977 quibus
631 2892 786 2979 Hiempsal
801 2920 854 2979 per
869 2901 969 2959 dolum
987 2920 1067 2978 cape

182 3001 273 3053 retur.
315 2996 386 3065 Quae
400 2997 452 3053 ubi
464 2997 577 3054 tardius
590 2999 759 3073 procedunt,
774 3017 868 3074 neque
884 2998 995 3056 lenitur
1007 2998 1067 3057 ani-

182 3110 247 3151 mus
260 3092 351 3165 ferox,
367 3094 473 3150 statuit
485 3095 589 3170 quovis
602 3096 688 3153 modo
699 3097 848 3172 inceptum
861 3097 1004 3173 perficere

242 3187 319 3249 ΧΠ,
362 3188 463 3247 Primo
484 3198 640 3263 conventu,
662 3211 749 3268 quem
769 3194 807 3250 ab
828 3193 936 3270 regulis
957 3194 1067 3252 factum

183 3301 270 3358 supra
282 3287 450 3354 memoravi,
463 3293 581 3364 propter
594 3288 799 3347 dissensionem
813 3289 961 3365 placuerat
974 3289 1066 3346 dividi

183 3378 341 3454 thesauros,
356 3382 485 3460 finesque
502 3384 618 3460 imperii
635 3384 758 3461 singulis
770 3385 918 3444 constitui.
960 3384 1067 3461 Itaque
