2426 3786
197 256 242 316 ΞΒ
410 251 636 314 SALLUSPII
662 249 872 313 sursum.

195 408 319 480 bantur,
342 407 443 467 fieret:
466 407 613 485 Cethegus
631 407 779 465 (lieeronis
791 406 914 482 januam
932 402 1087 474 obsideret.

201 520 271 559 eum
283 504 315 560 vi
327 503 540 578 adgrederetur,
552 503 628 560 alius
640 506 739 559 autem
752 500 862 559 alium:
883 498 934 557 sed
943 496 1089 563 filiifami-

203 595 318 670 liarum,
336 617 460 675 quorum
478 616 516 655 ex
533 596 689 655 nobilitate
704 596 833 653 maxima
853 612 928 672 pars,
953 596 1089 668 parentes

202 695 419 767 interficerent3
439 693 535 764 simul,
550 691 627 750 erede
642 697 673 750 et
687 690 823 748 incendio
840 687 980 765 perculsis
994 685 1088 743 omui·

197 788 265 860 bus,
280 789 318 847 ad
332 789 489 847 Outilinam
508 791 702 863 erumperent
744 784 830 843 Inter
844 784 907 846 haee
923 786 1026 858 parata
1044 785 1089 837 at-

195 902 261 960 sque
281 885 403 957 decreta,
425 882 571 959 Cethegus
590 898 702 958 semper
721 880 897 957 querebatur
912 879 948 936 de
972 874 1089 952 ignavia

203 981 361 1039 sociorum:
383 979 448 1037 illos
460 978 629 1049 dubitando,
651 982 682 1034 et
694 975 757 1034 dies
771 975 950 1051 prolatando,
968 989 1089 1047 magnae

194 1078 437 1153 opportunitates
446 1094 646 1153 eorrumpere3
666 1073 751 1146 freto,
762 1091 823 1131 nou
832 1071 975 1143 oonsulto,
990 1071 1022 1127 in
1034 1068 1089 1129 tali

202 1174 331 1249 periculo
351 1192 423 1249 opus
442 1191 503 1231 ease
512 1192 522 1246 3
553 1191 660 1248 seque„
672 1166 700 1229 'si
719 1168 805 1247 pauci
824 1169 1006 1245 adjuvarent,
1026 1168 1089 1233 lau-

202 1268 359 1343 guentibus
372 1267 445 1334 aliis,
459 1268 602 1344 impetum
615 1266 646 1326 in
659 1267 771 1325 auriam
783 1264 936 1323 facturum
972 1264 1089 1333 Natura

202 1360 293 1434 ferox,
308 1362 471 1435 vehemens,
485 1365 581 1421 'manu
596 1368 749 1440 promptus
761 1369 845 1435 erat3
864 1361 1027 1423 maximum
1039 1361 1089 1417 bo·

201 1475 275 1516 num
287 1460 320 1516 in
333 1459 480 1516 eeleritate
493 1459 623 1535 putabet

261 1555 380 1613 XLIV.
423 1554 480 1612 Sed
502 1555 684 1631 Allobroges,
710 1573 747 1613 ex
766 1559 910 1631 praeeepte
932 1549 1086 1621 Oieeronia,

201 1670 255 1728 per
275 1650 434 1709 Gabinium
454 1655 563 1709 eeteros
581 1650 762 1709 conveniunt
773 1669 783 1723 ς
812 1651 849 1709 ab
874 1651 1009 1722 Lentulo,
1036 1648 1088 1706 Oe-

202 1750 298 1824 thego,
320 1748 446 1820 Statilio,
476 1749 549 1806 item
577 1747 683 1820 Cassio,
704 1749 856 1824 postulant
871 1747 1086 1824 jusjurandum,

202 1844 281 1921 quod
300 1845 447 1921 signatum
467 1845 505 1903 ed
524 1844 603 1903 aives
621 1845 787 1921 perferunt:
807 1845 894 1904 aliter
912 1845 991 1903 haud
1004 1842 1088 1902 fauile

202 1959 252 2000 eos
270 1941 308 1999 ad
326 1946 444 1999 tautum
462 1940 613 2016 negotium
632 1939 745 2016 impelli
759 1959 849 2016 posse.
892 1940 988 1997 Ceteri
1012 1936 1087 1995 nihil

195 2037 381 2113 <suspicantes
405 2037 496 2094 dant:
527 2036 643 2096 Cassius
662 2043 754 2095 semet
774 2056 808 2094 eo
827 2036 911 2094 brevi
929 2041 1088 2093 venturum

201 2133 362 2209 pollicetur,
378 2151 412 2190 ao
424 2132 524 2208 paullo
540 2139 610 2191 ante
626 2134 737 2209 legatos
750 2152 788 2190 ex
801 2134 873 2192 urbe
885 2131 1084 2209 proficiscitur.

202 2229 347 2287 Lentulus
360 2247 427 2286 oum
440 2227 487 2286 his
500 2228 533 2286 Τ.
548 2227 736 2286 Volturoium
745 2229 909 2306 quemdam,
919 2227 1087 2286 Crotonien-
1197 2242 1202 2247 ·

202 2343 271 2396 sem,
285 2325 387 2396 mittit,
406 2324 452 2381 uti
469 2323 645 2401 Allobroges
664 2326 754 2402 prius,
776 2344 864 2402 quam
885 2326 1003 2382 domum
1023 2342 1086 2399 per·

200 2423 311 2495 gerent,
333 2437 399 2475 eum
418 2418 555 2491 Catilina,
573 2420 643 2477 data
660 2426 690 2478 et
707 2426 825 2497 accepta
837 2421 902 2493 fide,
919 2420 1087 2478 eooietatem
1137 2418 1142 2430 “

201 2512 415 2571 confirmarent
457 2514 525 2590 Ipse
548 2514 704 2573 Volturcio
723 2516 838 2574 litteras
862 2517 901 2575 ad
927 2515 1085 2573 Catilinam

201 2609 261 2680 dat,
274 2627 398 2683 quarum
411 2610 578 2686 exemplum
590 2610 667 2668 infra
680 2612 821 2688 seriptum
829 2618 892 2671 eet:
916 2612 1012 2681 “Quis
1021 2612 1085 2683 sim,

146 2737 150 2747 ·
198 2724 240 2762 ex
261 2724 295 2761 eo
323 2723 410 2780 quem
430 2705 468 2761 ad
487 2711 518 2763 te
537 2705 613 2777 misi,
635 2724 793 2783 eognosoaa
835 2707 895 2765 Fau
917 2707 1033 2783 rogites,
1054 2708 1087 2764 in

200 2805 312 2878 quantu
331 2800 496 2858 calamitate
514 2801 563 2874 sis,
592 2807 623 2860 et
646 2802 813 2861 memineris
840 2807 871 2860 te
891 2789 987 2860 virum
1008 2820 1087 2876 esse3

201 2896 369 2967 consideres,
399 2896 470 2973 quid
499 2902 559 2954 tuae
588 2898 716 2956 rationes
742 2898 910 2975 postulent3
942 2898 1084 2956 araxilium

163 2976 166 2981 ’
200 2998 283 3067 petas
302 2992 340 3048 ab
358 2993 501 3065 omnibus,
522 2992 611 3049 etiam
631 2994 669 3050 ab
688 2992 821 3054 infimis”
861 2993 914 3050 Ad
930 2993 993 3064 hoe,
1007 3012 1086 3051 mau-
1171 3068 1176 3075 1

200 3086 271 3143 data
291 3086 388 3144 verbis
408 3087 479 3145 dat:
512 3088 615 3146 “Oum
642 3090 680 3146 ab
705 3096 809 3148 senatu
827 3088 920 3147 hostis
936 3091 1086 3165 judicatus

201 3182 247 3253 eit,
275 3202 333 3259 quo
358 3184 478 3242 consilio
501 3184 622 3242 servitia
641 3186 798 3262 repudiet‘l
826 3185 859 3243 in
886 3187 959 3243 urbe
984 3189 1086 3261 parata

201 3294 270 3348 esse,
300 3299 364 3355 quse
388 3281 529 3357 jusserit:
557 3301 596 3341 ne
615 3287 770 3341 cunctetur
789 3281 851 3358 ipae
870 3282 990 3359 propius
1007 3296 1085 3338 eoos·

201 3373 294 3431 dere.''
