2426 3790
189 260 228 320 26
388 252 616 313 SALLUSTII
639 252 666 309 J
670 250 877 336 Urvqfflr.

192 424 337 482 quamque
356 405 447 463 inulti
466 405 608 480 perierint
626 405 717 462 vestri
736 404 898 462 defensores
907 424 917 477 3
939 411 974 463 ut
993 406 1080 464 vobis

191 505 305 559 animus
325 504 361 559 ab
381 502 499 576 ignavia
524 505 613 576 alque
634 500 763 558 secordia
782 507 937 577 corruptus
956 502 1003 573 sit,
1024 505 1081 579 qui

191 619 229 656 ne
249 619 327 656 nunc
347 599 474 675 quidem,
494 596 628 652 obnoxiis
648 596 782 668 inimicis,
802 597 965 673 exsurgitis,
988 606 1080 674 atque

191 696 280 754 etiam
306 714 385 753 nunc
406 694 523 764 timetis,
544 695 651 768 quibus
674 693 757 751 decet
778 695 883 751 terrori
910 713 977 752 esse.
1020 695 1081 753 Sed

189 810 368 867 quamquem
385 789 447 846 hoec
462 789 534 846 talia
547 795 625 860 sunt,
640 795 741 847 tamen
755 791 872 848 obviam
885 792 929 848 ire
942 792 1080 850 factionis

103 909 106 922 ·
191 889 328 962 potentiae
349 886 464 942 animus
483 885 611 960 subigit:
638 892 717 942 certe
737 905 789 961 ego
816 887 988 959 libertatem,
1010 906 1079 965 quae

191 982 264 1038 mihi
277 1001 295 1037 a
307 987 427 1057 parente
439 982 549 1040 tradita
562 988 614 1053 est,
630 981 783 1057 experiar:
797 1002 900 1040 verum
912 984 945 1041 id
958 985 1078 1056 frustra,

190 1097 230 1135 an
250 1079 368 1136 obrem
394 1079 505 1150 faciam,
527 1079 559 1134 in
579 1083 676 1134 vestra
703 1080 914 1151 manusitum,
936 1079 1076 1148 Quirites

191 1176 296 1252 Neque
308 1195 360 1251 ego
376 1176 485 1243 hortor,
499 1176 577 1251 quod
590 1194 664 1250 saepe
679 1176 801 1250 majores
813 1178 905 1234 vestri
917 1176 1018 1248 fecere,
1029 1178 1079 1234 uti

191 1282 295 1330 contra
304 1273 425 1349 iujurias
438 1273 543 1328 armati
556 1273 636 1331 eatis.
679 1272 765 1329 Nihil
777 1272 817 1343 vi,
831 1273 912 1330 nihil
920 1274 1079 1331 secessione

191 1389 282 1445 opus:
309 1388 423 1427 necesse
443 1376 487 1426 est
506 1375 618 1426 suomet
638 1370 694 1444 ipsi
713 1387 792 1425 more
813 1370 976 1445 praecipites
997 1376 1076 1429 eant.

192 1466 294 1524 Occiso
308 1466 424 1524 Tiberio
437 1465 575 1536 Graccho,
590 1484 678 1540 quem
694 1483 816 1540 regnum
834 1483 936 1541 parare
949 1465 1075 1535 aiebant,

191 1563 224 1618 in
249 1563 362 1638 plebem
382 1561 546 1618 Romanam
566 1560 738 1636 quaestiones
763 1560 870 1618 habitae
893 1564 981 1617 sunt:
1011 1569 1078 1635 post

192 1658 224 1719 0.
247 1659 371 1718 Gracchi
389 1663 420 1715 et
440 1657 482 1715 M.
504 1658 604 1715 Fulvii
623 1658 739 1730 caedem,
759 1659 831 1715 item
855 1659 947 1716 vestri
967 1659 1080 1716 ordinis

191 1756 279 1813 multi
292 1758 428 1813 mortales
441 1756 474 1813 in
487 1775 601 1814 carcere
613 1756 710 1814 necati
720 1761 805 1813 sunt:
819 1756 972 1831 utriusque
986 1755 1077 1813 cludis

191 1872 251 1910 non
271 1852 328 1924 lex,
344 1872 445 1910 verum
465 1853 565 1910 lubido
585 1871 685 1909 eorum
705 1852 793 1908 finem
812 1851 889 1908 fecit
931 1850 988 1907 Sed
1007 1869 1077 1908 sane

109 1994 112 2001 .
191 1950 281 2007 fuerit
306 1950 391 2024 rcgni
416 1950 537 2024 paratio,
558 1949 637 2024 plebi
659 1967 711 2005 sua
733 1949 905 2005 restituere:
933 1947 1078 2023 quidquid

192 2048 254 2104 sine
271 2047 411 2121 sangnine
424 2045 533 2102 civium
549 2044 650 2102 ulcisci
664 2045 810 2121 nequitur,
821 2043 889 2118 jura
904 2043 1014 2100 factum
1027 2044 1074 2102 sit.

193 2143 395 2219 Superioribus
415 2141 500 2198 annis
519 2141 602 2198 taciti
620 2139 860 2215 indignabamini,
875 2138 1009 2195 aerarium
1028 2157 1077 2195 ex-

191 2239 297 2314 pilari3
316 2254 397 2311 reges
417 2241 447 2292 et
466 2235 588 2310 populos
604 2235 710 2291 liberos
728 2234 828 2309 paucis
847 2233 993 2290 nobilibus
1012 2249 1076 2287 vec·

191 2335 264 2408 tigal
283 2333 426 2409 pendere3
447 2349 534 2407 penes
554 2331 668 2387 eosdem
689 2334 720 2386 et
739 2347 882 2386 summam
900 2327 1031 2403 gloriam,
1045 2332 1077 2383 et

191 2432 334 2489 maximas
353 2430 471 2486 divitias
490 2446 569 2485 esse:
593 2434 692 2485 tamen
711 2426 772 2482 hoec
788 2425 860 2482 talia
877 2424 1004 2480 facinora
1022 2423 1076 2479 im-

192 2543 267 2601 puno
297 2525 458 2598 suscepisse,
487 2541 590 2597 parum
619 2522 765 2579 habuere:
799 2521 900 2596 itaque
929 2525 1076 2595 postremo
1122 2520 1126 2531 ¹
1199 2592 1200 2609 Χ

192 2621 278 2694 leges,
297 2620 431 2694 majestas
450 2624 555 2690 vestro,
571 2619 672 2675 divina
691 2624 722 2674 et
740 2617 870 2675 humana
886 2615 991 2686 omnia,
1012 2614 1075 2671 bos·

192 2715 272 2772 tibus
291 2716 399 2772 traditu
419 2720 494 2772 sunt
537 2715 643 2790 Neque
662 2732 718 2784 eos,
739 2714 792 2789 qui
812 2732 847 2770 ea
863 2714 963 2784 fecere,
984 2711 1076 2788 pudet

192 2821 245 2872 aut
264 2815 404 2890 paenitet:
425 2813 475 2870 sed
495 2813 637 2870 incedunt
655 2831 708 2887 per
730 2831 781 2869 ora
798 2818 897 2868 vestro
914 2809 1073 2885 magnifice,

192 2909 350 2967 sacerdotia
369 2914 400 2966 et
426 2910 600 2980 consulatus,
621 2927 689 2984 pars
710 2907 873 2981 triumphos
893 2924 960 2962 suos
983 2909 1075 2961 osten-

191 3014 307 3064 tantes:
327 3006 447 3081 perinde
467 3006 549 3081 quasi
564 3024 598 3061 ea
614 3003 726 3075 honori,
740 3022 800 3060 non
814 3002 926 3078 puellm,
940 3001 1072 3059 habeam

192 3104 276 3160 Servi
289 3121 344 3160 oers
357 3101 451 3178 parati
466 3101 589 3176 imperia
606 3099 718 3175 injusto
735 3098 920 3155 dominorum
936 3115 997 3153 non
1015 3114 1075 3171 per-

192 3201 311 3257 ferunt:
332 3218 391 3270 vos,
414 3198 550 3269 Quirites,
570 3196 691 3272 imperio
711 3195 783 3263 nati,
799 3213 882 3269 aequo
902 3193 999 3249 animo
1018 3211 1073 3249 ser-

192 3297 320 3352 vitutem
339 3280 490 3353 toleratis!
516 3294 563 3352 At
582 3294 634 3369 qui
653 3299 723 3350 sunt
741 3293 781 3363 hi,
797 3292 849 3368 qui
867 3289 1074 3367 rempublicam

194 3395 387 3467 occupavere?
412 3392 542 3450 homines
556 3390 774 3460 sceleratissimi,
790 3387 918 3446 cruentis
931 3386 1071 3458 manibus,
