2426 3786
171 244 211 316 40'
387 254 608 314 sALnUer
626 251 834 314 omniun.

115 397 119 408 ’
170 408 287 481 gentem
306 403 523 461 infestissimam
543 404 656 461 nomini
676 404 810 461 Romano
825 403 864 460 ed
879 403 989 460 bellum
1009 404 1054 459 ue'

170 504 309 557 eersunt:
330 499 393 556 dux
400 499 529 557 hostium
537 518 625 575 supro
634 506 721 575 ceput
731 505 795 557 est:
814 517 867 556 vos
876 501 1052 557 cunctemini

171 596 260 653 etiem
280 614 368 665 nuno,
390 594 461 670 qnid
483 594 562 652 intra
585 597 692 653 moenie
714 594 899 671 deprehensis
921 596 1053 653 hostibus

170 690 304 748 societisl
354 690 554 748 Misereamini
585 691 890 766 conseq—deliquere
922 691 1053 749 homines

170 785 385 859 adolescentuli,
401 805 453 862 per
471 781 799 862 ambitionem-etque
818 787 907 844 etism
928 795 1053 845 mmetos

171 882 337 939 dimittetis.
369 883 442 955 Nee,
463 883 521 940 ists
540 882 623 940 vobis
643 881 834 938 mansuetudo
847 888 878 939 et
896 883 1054 957 misericor·

171 976 404 1047 dissiillierme
414 978 552 1053 ceperint,
564 979 596 1033 in
604 977 748 1033 miseriem
756 982 861 1034 vertet.
883 975 1054 1035 Scilicetrcs

170 1074 234 1150 ipse
246 1093 347 1150 aspera
359 1081 403 1132 est
412 1093 422 1147 ;
442 1075 492 1131 scd
505 1093 556 1131 vos
565 1092 625 1130 non
638 1073 750 1129 timetis
762 1091 833 1132 eom.
876 1072 972 1129 Immo
984 1092 1055 1131 vero

171 1170 317 1242 mexime3
344 1171 395 1227 sed
414 1171 522 1227 inertie
541 1176 571 1227 et
590 1169 715 1226 mollitis
738 1169 838 1240 enimi,
869 1168 944 1225 clius
963 1168 1054 1225 olium

172 1269 378 1341 exspectentes,
393 1265 578 1337 cunctemini,
593 1264 639 1322 dis
658 1265 871 1322 immortalibus
880 1265 988 1335 confisi,
1002 1263 1054 1339 qui

170 1362 246 1419 hene
268 1362 477 1438 rempublicam
499 1361 532 1418 in
551 1362 686 1418 maximis
711 1381 785 1438 scope
804 1362 941 1438 perieulis
959 1379 1054 1418 servo·

170 1475 247 1519 vero.
287 1455 356 1513 Non
370 1457 455 1528 votis,
471 1475 565 1532 neque
578 1456 728 1533 suppliciis
740 1457 930 1515 muliebribus
943 1457 1055 1514 auxilie

171 1554 291 1611 deorum
303 1558 465 1629 parantur:
484 1551 641 1627 vigilando,
655 1554 774 1628 agendo,
785 1554 859 1610 hene
868 1553 1051 1624 considendo,

170 1662 307 1726 prospera
320 1649 418 1705 omnia
431 1647 538 1705 cedunt
550 1667 557 1705 ε
577 1648 630 1704 ubi
642 1649 775 1706 secordias
787 1654 818 1706 te
830 1655 919 1724 etque
931 1650 1054 1724 ignsviae

170 1745 334 1816 tradideris,
348 1744 545 1820 nequidquam
559 1744 627 1802 deos
639 1745 792 1821 implores3
813 1744 883 1801 irati
899 1745 1054 1821 infestique

171 1847 247 1900 sunt.
288 1839 381 1916 Apud
401 1840 524 1915 majores
546 1845 667 1911 nostros,
691 1840 722 1899 Τ.
738 1839 869 1897 Manlius
891 1840 1054 1916 Torqustus

171 1936 247 1995 bello
261 1935 373 1994 Gallico
386 1934 480 1992 filium
494 1954 588 2006 suum,
608 1936 685 2011 quod
698 1935 725 1992 is
740 1941 841 1992 contre
852 1935 1008 2012 imperium
1020 1938 1053 1995 in

172 2031 287 2090 hostem
308 2035 496 2106 pugnaverat,
515 2032 614 2086 neceni
630 2031 736 2106 jussit;
755 2037 845 2107 atque
860 2032 911 2089 ille
923 2033 1054 2109 egregius

171 2129 334 2188 adolescens
343 2126 538 2183 immoderatae
547 2127 727 2184 fortitudinis
738 2134 833 2184 morte
844 2146 943 2202 peones
955 2128 1051 2186 dedite

170 2243 224 2283 vos
245 2222 286 2281 de'
303 2221 508 2280 crudelissimis
524 2223 674 2298 parricidis
694 2224 766 2300 quid
778 2224 924 2296 statuatis,
938 2230 1053 2282 cunctu-

171 2323 264 2382 minil
294 2319 443 2378 Videlicet
455 2319 519 2377 vite
531 2325 626 2378 cetero
638 2340 738 2378 eornm
751 2320 820 2377 huic
833 2321 933 2379 sceleri
946 2321 1049 2382 obstat.

171 2415 287 2474 Verum
305 2415 415 2491 percite
430 2414 567 2491 dignitati
586 2415 713 2487 Lentuli,
735 2416 761 2472 si
777 2416 840 2493 ipse
856 2416 1012 2493 pudicitie,
1026 2418 1053 2474 si

170 2512 254 2570 femoe
267 2529 333 2581 susc,
349 2511 428 2568 sidio
441 2517 493 2568 sut
503 2511 669 2569 hominibus
680 2530 817 2587 umquem
826 2513 895 2570 ullis
908 2514 1051 2590 pepercit:

170 2606 311 2682 ignoscite
325 2605 446 2682 Oethegi
459 2606 666 2678 adolescentie,
684 2607 742 2663 nisi
755 2606 863 2664 iterum
873 2609 936 2684 jem
948 2609 1052 2684 putriae

169 2701 280 2760 bellum
309 2701 386 2760 fecit
427 2701 507 2758 Num
526 2702 598 2777 quid
617 2721 670 2778 ego
697 2703 734 2760 de
764 2701 896 2776 Gabinio,
922 2704 1050 2778 Statilio,

171 2796 301 2874 (imperio
314 2797 437 2873 loquaci
478 2797 591 2866 Quibus
608 2797 634 2854 si
646 2798 805 2873 quidquem
818 2818 958 2875 umquem
970 2801 1053 2876 pensi

169 2895 279 2969 inisset,
294 2912 353 2950 non
367 2912 401 2949 ea
414 2892 535 2949 consiliu
547 2893 583 2949 de
600 2893 748 2969 republica
765 2893 941 2956 habuissent.
984 2896 1054 2967 Pos-

170 2996 273 3061 tremo,
302 2988 405 3046 Patres
424 2989 586 3064 conscripti,
607 2989 633 3045 si
651 2988 815 3046 mehercule
834 2995 951 3064 peceato
972 2990 1053 3048 locus

170 3090 253 3156 esset,
267 3084 351 3141 focile
364 3088 478 3160 paterer
491 3102 541 3140 vos
554 3084 617 3160 ipsu
628 3102 661 3140 re
678 3085 791 3159 corrigi,
811 3085 951 3159 quonium
963 3086 1053 3144 verbu

170 3179 370 3253 contemnitis3
384 3181 435 3238 sed
444 3179 573 3256 undique
587 3180 781 3237 circumventi
792 3198 901 3238 sumus
924 3180 1051 3241 ostium

170 3291 238 3329 cum
251 3277 379 3333 exercitu
391 3276 522 3333 faucibus
534 3281 620 3352 urget
632 3296 638 3334 :
659 3275 711 3333 alii
722 3276 802 3332 intre
814 3276 927 3347 moenis,
941 3276 974 3332 in
984 3275 1050 3331 sinu

171 3367 251 3425 urbis
267 3377 336 3428 sunt
356 3371 471 3431 hostes:
491 3390 586 3450 neque
603 3372 708 3449 pareri,
730 3391 825 3448 neque
843 3372 952 3429 consuli
966 3369 1049 3447 quid-
