<?xml version="1.0" encoding="UTF-8"?>
<!DOCTYPE html PUBLIC "-//W3C//DTD XHTML 1.0 Transitional//EN"
    "http://www.w3.org/TR/xhtml1/DTD/xhtml1-transitional.dtd">
<html xmlns="http://www.w3.org/1999/xhtml" xml:lang="en" lang="en">
 <head>
  <title>
</title>
<meta http-equiv="Content-Type" content="text/html;charset=utf-8" />
  <meta name='ocr-system' content='tesseract 3.04.00' />
  <meta name='ocr-capabilities' content='ocr_page ocr_carea ocr_par ocr_line ocrx_word'/>
</head>
<body>
  <div class='ocr_page' id='page_1' title='image "./caiisallustiicr00merigoog_0221.png"; bbox 0 0 2426 3790; ppageno 0'>
   <div class='ocr_carea' id='block_1_1' title="bbox 211 251 892 314">
    <p class='ocr_par' dir='ltr' id='par_1_1' title="bbox 211 251 892 314">
     <span class='ocr_line' id='line_1_1' title="bbox 211 251 892 314; baseline 0.003 -2"><span class='ocrx_word' id='word_1_1' title='bbox 211 255 249 313; x_wconf 86' lang='grc'><strong>60</strong></span> <span class='ocrx_word' id='word_1_2' title='bbox 412 251 633 312; x_wconf 77' lang='lat' dir='ltr'><em>SALLUSTII</em></span> <span class='ocrx_word' id='word_1_3' title='bbox 656 253 683 310; x_wconf 85' lang='lat' dir='ltr'><strong><em>J</em></strong></span> <span class='ocrx_word' id='word_1_4' title='bbox 686 252 892 314; x_wconf 70' lang='lat' dir='ltr'><strong>uenum.</strong></span> 
     </span>
    </p>
   </div>
   <div class='ocr_carea' id='block_1_2' title="bbox 195 402 1095 3465">
    <p class='ocr_par' dir='ltr' id='par_1_2' title="bbox 205 402 1095 562">
     <span class='ocr_line' id='line_1_2' title="bbox 205 402 1095 482; baseline 0.006 -20"><span class='ocrx_word' id='word_1_5' title='bbox 205 405 301 482; x_wconf 84' lang='lat' dir='ltr'><strong>jussit</strong></span> <span class='ocrx_word' id='word_1_6' title='bbox 345 402 401 460; x_wconf 82' lang='lat' dir='ltr'>Sed</span> <span class='ocrx_word' id='word_1_7' title='bbox 424 409 542 460; x_wconf 85' lang='lat' dir='ltr'><strong>senatus</strong></span> <span class='ocrx_word' id='word_1_8' title='bbox 566 403 664 479; x_wconf 83' lang='lat' dir='ltr'><strong>paullo</strong></span> <span class='ocrx_word' id='word_1_9' title='bbox 687 409 756 462; x_wconf 80' lang='lat' dir='ltr'>ente</span> <span class='ocrx_word' id='word_1_10' title='bbox 779 404 900 462; x_wconf 91' lang='lat' dir='ltr'>Metello</span> <span class='ocrx_word' id='word_1_11' title='bbox 922 406 1095 466; x_wconf 84' lang='lat' dir='ltr'>Numidiam</span> 
     </span>
     <span class='ocr_line' id='line_1_3' title="bbox 208 501 708 562; baseline 0.002 -3"><span class='ocrx_word' id='word_1_12' title='bbox 208 504 392 559; x_wconf 77' lang='lat' dir='ltr'>decreverat:</span> <span class='ocrx_word' id='word_1_13' title='bbox 417 520 451 557; x_wconf 84' lang='lat' dir='ltr'><strong>ee</strong></span> <span class='ocrx_word' id='word_1_14' title='bbox 464 519 508 557; x_wconf 87' lang='lat' dir='ltr'><strong>res</strong></span> <span class='ocrx_word' id='word_1_15' title='bbox 522 501 630 558; x_wconf 81' lang='lat' dir='ltr'><strong>frustra</strong></span> <span class='ocrx_word' id='word_1_16' title='bbox 642 502 708 562; x_wconf 86' lang='lat' dir='ltr'><strong>fuit.</strong></span> 
     </span>
    </p>

    <p class='ocr_par' dir='ltr' id='par_1_3' title="bbox 198 595 1093 2487">
     <span class='ocr_line' id='line_1_4' title="bbox 267 595 1093 674; baseline 0.01 -22"><span class='ocrx_word' id='word_1_17' title='bbox 267 595 415 653; x_wconf 88' lang='lat' dir='ltr'>LXXIV.</span> <span class='ocrx_word' id='word_1_18' title='bbox 459 596 568 653; x_wconf 84' lang='lat' dir='ltr'><strong>Eodem</strong></span> <span class='ocrx_word' id='word_1_19' title='bbox 582 603 711 672; x_wconf 87' lang='lat' dir='ltr'>ternpore</span> <span class='ocrx_word' id='word_1_20' title='bbox 724 597 880 674; x_wconf 80' lang='lat' dir='ltr'>Jugurthe,</span> <span class='ocrx_word' id='word_1_21' title='bbox 895 601 1008 659; x_wconf 83' lang='lat' dir='ltr'><strong>emissis</strong></span> <span class='ocrx_word' id='word_1_22' title='bbox 1021 604 1093 660; x_wconf 81' lang='lat' dir='ltr'><strong>urni-</strong></span> 
     </span>
     <span class='ocr_line' id='line_1_5' title="bbox 207 693 1090 771; baseline 0.005 -19"><span class='ocrx_word' id='word_1_23' title='bbox 207 696 255 768; x_wconf 88' lang='lat' dir='ltr'><strong>cis‚</strong></span> <span class='ocrx_word' id='word_1_24' title='bbox 270 713 394 771; x_wconf 91' lang='lat' dir='ltr'><strong>quorum</strong></span> <span class='ocrx_word' id='word_1_25' title='bbox 407 693 559 769; x_wconf 85' lang='lat' dir='ltr'>plerosque</span> <span class='ocrx_word' id='word_1_26' title='bbox 571 694 633 768; x_wconf 93' lang='lat' dir='ltr'><strong>ipse</strong></span> <span class='ocrx_word' id='word_1_27' title='bbox 646 702 808 761; x_wconf 74' lang='lat' dir='ltr'>necaverat,</span> <span class='ocrx_word' id='word_1_28' title='bbox 821 698 910 754; x_wconf 85' lang='lat' dir='ltr'>ceteri</span> <span class='ocrx_word' id='word_1_29' title='bbox 923 698 1090 769; x_wconf 86' lang='lat' dir='ltr'><strong>formidine,</strong></span> 
     </span>
     <span class='ocr_line' id='line_1_6' title="bbox 206 789 1090 870; baseline 0.006 -23"><span class='ocrx_word' id='word_1_30' title='bbox 206 810 273 866; x_wconf 83' lang='lat' dir='ltr'>pers</span> <span class='ocrx_word' id='word_1_31' title='bbox 286 790 323 846; x_wconf 84' lang='lat' dir='ltr'><strong>ad</strong></span> <span class='ocrx_word' id='word_1_32' title='bbox 338 789 491 860; x_wconf 76' lang='lat' dir='ltr'><strong>Romanos,</strong></span> <span class='ocrx_word' id='word_1_33' title='bbox 501 789 552 846; x_wconf 81' lang='lat' dir='ltr'><strong>ulii</strong></span> <span class='ocrx_word' id='word_1_34' title='bbox 565 790 705 866; x_wconf 78' lang='lat' dir='ltr'>adregem</span> <span class='ocrx_word' id='word_1_35' title='bbox 720 790 877 865; x_wconf 82' lang='lat' dir='ltr'><strong>Bocchum,</strong></span> <span class='ocrx_word' id='word_1_36' title='bbox 886 794 1090 870; x_wconf 81' lang='lat' dir='ltr'>profugerent3</span> 
     </span>
     <span class='ocr_line' id='line_1_7' title="bbox 205 885 1092 963; baseline 0.002 -21"><span class='ocrx_word' id='word_1_37' title='bbox 205 903 271 942; x_wconf 90' lang='lat' dir='ltr'><strong>curn</strong></span> <span class='ocrx_word' id='word_1_38' title='bbox 288 903 382 960; x_wconf 87' lang='lat' dir='ltr'>neque</span> <span class='ocrx_word' id='word_1_39' title='bbox 403 885 512 941; x_wconf 88' lang='lat' dir='ltr'>bellum</span> <span class='ocrx_word' id='word_1_40' title='bbox 525 885 586 960; x_wconf 81' lang='lat' dir='ltr'>geri</span> <span class='ocrx_word' id='word_1_41' title='bbox 600 885 661 942; x_wconf 86' lang='lat' dir='ltr'><strong>siue</strong></span> <span class='ocrx_word' id='word_1_42' title='bbox 674 887 854 944; x_wconf 74' lang='lat' dir='ltr'><strong>administris</strong></span> <span class='ocrx_word' id='word_1_43' title='bbox 865 895 970 963; x_wconf 88' lang='lat' dir='ltr'><strong>posset,</strong></span> <span class='ocrx_word' id='word_1_44' title='bbox 987 894 1017 946; x_wconf 91' lang='lat' dir='ltr'><strong>et</strong></span> <span class='ocrx_word' id='word_1_45' title='bbox 1040 908 1092 945; x_wconf 91' lang='lat' dir='ltr'><strong>no-</strong></span> 
     </span>
     <span class='ocr_line' id='line_1_8' title="bbox 204 980 1091 1059; baseline 0.003 -22"><span class='ocrx_word' id='word_1_46' title='bbox 204 999 307 1037; x_wconf 77' lang='lat' dir='ltr'><strong>vorum</strong></span> <span class='ocrx_word' id='word_1_47' title='bbox 320 980 408 1038; x_wconf 87' lang='lat' dir='ltr'>fidem</span> <span class='ocrx_word' id='word_1_48' title='bbox 423 981 455 1036; x_wconf 91' lang='lat' dir='ltr'><strong>in</strong></span> <span class='ocrx_word' id='word_1_49' title='bbox 476 986 558 1037; x_wconf 79' lang='lat' dir='ltr'>tenta</span> <span class='ocrx_word' id='word_1_50' title='bbox 577 980 697 1055; x_wconf 85' lang='lat' dir='ltr'>perfidie</span> <span class='ocrx_word' id='word_1_51' title='bbox 717 987 849 1038; x_wconf 77' lang='lat' dir='ltr'>veterum</span> <span class='ocrx_word' id='word_1_52' title='bbox 869 983 997 1058; x_wconf 82' lang='lat' dir='ltr'>experiri</span> <span class='ocrx_word' id='word_1_53' title='bbox 1015 985 1091 1059; x_wconf 87' lang='lat' dir='ltr'>peri-</span> 
     </span>
     <span class='ocr_line' id='line_1_9' title="bbox 204 1075 1089 1155; baseline 0.005 -23"><span class='ocrx_word' id='word_1_54' title='bbox 204 1076 334 1133; x_wconf 87' lang='lat' dir='ltr'><strong>culosum</strong></span> <span class='ocrx_word' id='word_1_55' title='bbox 354 1076 480 1147; x_wconf 87' lang='lat' dir='ltr'>duceret,</span> <span class='ocrx_word' id='word_1_56' title='bbox 502 1075 600 1132; x_wconf 84' lang='lat' dir='ltr'><strong>varius</strong></span> <span class='ocrx_word' id='word_1_57' title='bbox 619 1076 805 1152; x_wconf 73' lang='lat' dir='ltr'><strong>incertusque</strong></span> <span class='ocrx_word' id='word_1_58' title='bbox 824 1077 972 1151; x_wconf 78' lang='lat' dir='ltr'><strong>agitabat:</strong></span> <span class='ocrx_word' id='word_1_59' title='bbox 993 1098 1089 1155; x_wconf 89' lang='lat' dir='ltr'>neque</span> 
     </span>
     <span class='ocr_line' id='line_1_10' title="bbox 203 1172 1089 1249; baseline 0.005 -20"><span class='ocrx_word' id='word_1_60' title='bbox 203 1172 315 1245; x_wconf 76' lang='lat' dir='ltr'><strong>illitus,</strong></span> <span class='ocrx_word' id='word_1_61' title='bbox 331 1192 425 1248; x_wconf 88' lang='lat' dir='ltr'><strong>noque</strong></span> <span class='ocrx_word' id='word_1_62' title='bbox 443 1173 603 1244; x_wconf 87' lang='lat' dir='ltr'><strong>consilium,</strong></span> <span class='ocrx_word' id='word_1_63' title='bbox 617 1179 669 1230; x_wconf 83' lang='lat' dir='ltr'><strong>eut</strong></span> <span class='ocrx_word' id='word_1_64' title='bbox 685 1173 837 1249; x_wconf 82' lang='lat' dir='ltr'><strong>quisquam</strong></span> <span class='ocrx_word' id='word_1_65' title='bbox 850 1174 1002 1232; x_wconf 89' lang='lat' dir='ltr'><strong>hominum</strong></span> <span class='ocrx_word' id='word_1_66' title='bbox 1015 1176 1089 1233; x_wconf 81' lang='lat' dir='ltr'><strong>satis</strong></span> 
     </span>
     <span class='ocr_line' id='line_1_11' title="bbox 203 1264 1088 1344; baseline 0.002 -17"><span class='ocrx_word' id='word_1_67' title='bbox 203 1264 349 1344; x_wconf 78' lang='lat' dir='ltr'>placebat:</span> <span class='ocrx_word' id='word_1_68' title='bbox 370 1269 478 1326; x_wconf 82' lang='lat' dir='ltr'>itinere</span> <span class='ocrx_word' id='word_1_69' title='bbox 499 1270 703 1344; x_wconf 70' lang='lat' dir='ltr'>praefectosque</span> <span class='ocrx_word' id='word_1_70' title='bbox 723 1269 755 1325; x_wconf 93' lang='lat' dir='ltr'><strong>in</strong></span> <span class='ocrx_word' id='word_1_71' title='bbox 771 1269 833 1326; x_wconf 88' lang='lat' dir='ltr'><strong>dies</strong></span> <span class='ocrx_word' id='word_1_72' title='bbox 850 1275 980 1328; x_wconf 83' lang='lat' dir='ltr'>mutere:</span> <span class='ocrx_word' id='word_1_73' title='bbox 999 1271 1088 1329; x_wconf 92' lang='lat' dir='ltr'><strong>modo</strong></span> 
     </span>
     <span class='ocr_line' id='line_1_12' title="bbox 201 1363 1087 1443; baseline 0.003 -22"><span class='ocrx_word' id='word_1_74' title='bbox 201 1365 355 1422; x_wconf 78' lang='lat' dir='ltr'><strong>adversum</strong></span> <span class='ocrx_word' id='word_1_75' title='bbox 364 1364 468 1436; x_wconf 87' lang='lat' dir='ltr'><strong>hostes,</strong></span> <span class='ocrx_word' id='word_1_76' title='bbox 480 1365 628 1422; x_wconf 85' lang='lat' dir='ltr'><strong>interdum</strong></span> <span class='ocrx_word' id='word_1_77' title='bbox 637 1363 669 1420; x_wconf 91' lang='lat' dir='ltr'><strong>in</strong></span> <span class='ocrx_word' id='word_1_78' title='bbox 680 1365 850 1422; x_wconf 75' lang='lat' dir='ltr'><strong>solitudines</strong></span> <span class='ocrx_word' id='word_1_79' title='bbox 861 1385 995 1442; x_wconf 80' lang='lat' dir='ltr'>pergere:</span> <span class='ocrx_word' id='word_1_80' title='bbox 1009 1385 1087 1443; x_wconf 84' lang='lat' dir='ltr'>saepe</span> 
     </span>
     <span class='ocr_line' id='line_1_13' title="bbox 201 1460 1084 1538; baseline 0.005 -21"><span class='ocrx_word' id='word_1_81' title='bbox 201 1461 233 1517; x_wconf 89' lang='lat' dir='ltr'><strong>in</strong></span> <span class='ocrx_word' id='word_1_82' title='bbox 246 1462 324 1538; x_wconf 83' lang='lat' dir='ltr'><strong>fugo,</strong></span> <span class='ocrx_word' id='word_1_83' title='bbox 335 1481 367 1519; x_wconf 84' lang='lat' dir='ltr'>ec</span> <span class='ocrx_word' id='word_1_84' title='bbox 378 1467 443 1537; x_wconf 87' lang='lat' dir='ltr'><strong>post</strong></span> <span class='ocrx_word' id='word_1_85' title='bbox 453 1461 550 1536; x_wconf 75' lang='lat' dir='ltr'>paullo</span> <span class='ocrx_word' id='word_1_86' title='bbox 560 1480 640 1536; x_wconf 88' lang='lat' dir='ltr'><strong>spem</strong></span> <span class='ocrx_word' id='word_1_87' title='bbox 654 1460 686 1518; x_wconf 93' lang='lat' dir='ltr'><strong>in</strong></span> <span class='ocrx_word' id='word_1_88' title='bbox 699 1463 787 1518; x_wconf 85' lang='lat' dir='ltr'><strong>ermis</strong></span> <span class='ocrx_word' id='word_1_89' title='bbox 797 1462 919 1521; x_wconf 83' lang='lat' dir='ltr'>hebere:</span> <span class='ocrx_word' id='word_1_90' title='bbox 940 1463 1084 1536; x_wconf 80' lang='lat' dir='ltr'><strong>dubitare,</strong></span> 
     </span>
     <span class='ocr_line' id='line_1_14' title="bbox 200 1556 1085 1635; baseline 0.005 -22"><span class='ocrx_word' id='word_1_91' title='bbox 200 1559 307 1615; x_wconf 88' lang='lat' dir='ltr'><strong>virtuti</strong></span> <span class='ocrx_word' id='word_1_92' title='bbox 327 1556 518 1632; x_wconf 82' lang='lat' dir='ltr'><strong>popularium,</strong></span> <span class='ocrx_word' id='word_1_93' title='bbox 533 1575 572 1612; x_wconf 81' lang='lat' dir='ltr'><strong>au</strong></span> <span class='ocrx_word' id='word_1_94' title='bbox 588 1556 653 1628; x_wconf 86' lang='lat' dir='ltr'>fide,</span> <span class='ocrx_word' id='word_1_95' title='bbox 668 1557 766 1613; x_wconf 88' lang='lat' dir='ltr'><strong>minus</strong></span> <span class='ocrx_word' id='word_1_96' title='bbox 778 1557 924 1615; x_wconf 88' lang='lat' dir='ltr'>crederet:</span> <span class='ocrx_word' id='word_1_97' title='bbox 948 1559 999 1630; x_wconf 79' lang='lat' dir='ltr'>ite,</span> <span class='ocrx_word' id='word_1_98' title='bbox 1014 1578 1085 1635; x_wconf 76' lang='lat' dir='ltr'><strong>quo</strong></span> 
     </span>
     <span class='ocr_line' id='line_1_15' title="bbox 201 1651 1086 1729; baseline 0.001 -19"><span class='ocrx_word' id='word_1_99' title='bbox 201 1672 325 1729; x_wconf 90' lang='lat' dir='ltr'><strong>cumque</strong></span> <span class='ocrx_word' id='word_1_100' title='bbox 338 1652 512 1722; x_wconf 83' lang='lat' dir='ltr'>intenderat,</span> <span class='ocrx_word' id='word_1_101' title='bbox 528 1670 573 1709; x_wconf 82' lang='lat' dir='ltr'><strong>res</strong></span> <span class='ocrx_word' id='word_1_102' title='bbox 585 1651 711 1708; x_wconf 79' lang='lat' dir='ltr'>edversae</span> <span class='ocrx_word' id='word_1_103' title='bbox 726 1659 816 1710; x_wconf 83' lang='lat' dir='ltr'>erunt</span> <span class='ocrx_word' id='word_1_104' title='bbox 859 1652 924 1725; x_wconf 78' lang='lat' dir='ltr'>Sed,</span> <span class='ocrx_word' id='word_1_105' title='bbox 937 1653 1017 1711; x_wconf 85' lang='lat' dir='ltr'>inter</span> <span class='ocrx_word' id='word_1_106' title='bbox 1035 1674 1086 1713; x_wconf 84' lang='lat' dir='ltr'><strong>ees</strong></span> 
     </span>
     <span class='ocr_line' id='line_1_16' title="bbox 200 1747 1082 1824; baseline 0 -17"><span class='ocrx_word' id='word_1_107' title='bbox 200 1769 302 1821; x_wconf 85' lang='lat' dir='ltr'><strong>mores,</strong></span> <span class='ocrx_word' id='word_1_108' title='bbox 326 1755 445 1824; x_wconf 87' lang='lat' dir='ltr'>repente</span> <span class='ocrx_word' id='word_1_109' title='bbox 466 1766 526 1805; x_wconf 89' lang='lat' dir='ltr'>sese</span> <span class='ocrx_word' id='word_1_110' title='bbox 547 1747 687 1805; x_wconf 75' lang='lat' dir='ltr'>Metellus</span> <span class='ocrx_word' id='word_1_111' title='bbox 710 1767 776 1804; x_wconf 90' lang='lat' dir='ltr'><strong>curn</strong></span> <span class='ocrx_word' id='word_1_112' title='bbox 796 1750 926 1806; x_wconf 87' lang='lat' dir='ltr'>exercitu</span> <span class='ocrx_word' id='word_1_113' title='bbox 945 1751 1082 1812; x_wconf 84' lang='lat' dir='ltr'><strong>ostendit.</strong></span> 
     </span>
     <span class='ocr_line' id='line_1_17' title="bbox 200 1846 1082 1923; baseline -0.001 -18"><span class='ocrx_word' id='word_1_114' title='bbox 200 1848 231 1905; x_wconf 88' lang='lat' dir='ltr'>N</span> <span class='ocrx_word' id='word_1_115' title='bbox 232 1848 338 1905; x_wconf 75' lang='lat' dir='ltr'><strong>umidre</strong></span> <span class='ocrx_word' id='word_1_116' title='bbox 351 1849 389 1904; x_wconf 82' lang='lat' dir='ltr'><strong>eb</strong></span> <span class='ocrx_word' id='word_1_117' title='bbox 402 1846 424 1904; x_wconf 82' lang='lat' dir='ltr'><strong>J</strong></span> <span class='ocrx_word' id='word_1_118' title='bbox 426 1846 551 1922; x_wconf 74' lang='lat' dir='ltr'><strong>ugurtha</strong></span> <span class='ocrx_word' id='word_1_119' title='bbox 561 1865 613 1922; x_wconf 90' lang='lat' dir='ltr'><strong>pro</strong></span> <span class='ocrx_word' id='word_1_120' title='bbox 623 1852 753 1921; x_wconf 88' lang='lat' dir='ltr'>tempore</span> <span class='ocrx_word' id='word_1_121' title='bbox 760 1847 857 1922; x_wconf 73' lang='lat' dir='ltr'>parati</span> <span class='ocrx_word' id='word_1_122' title='bbox 869 1846 1082 1923; x_wconf 72' lang='lat' dir='ltr'>instructique:</span> 
     </span>
     <span class='ocr_line' id='line_1_18' title="bbox 199 1947 1085 2025; baseline 0 -19"><span class='ocrx_word' id='word_1_123' title='bbox 199 1949 267 2006; x_wconf 89' lang='lat' dir='ltr'><strong>dein</strong></span> <span class='ocrx_word' id='word_1_124' title='bbox 280 1948 413 2025; x_wconf 77' lang='lat' dir='ltr'>proelium</span> <span class='ocrx_word' id='word_1_125' title='bbox 426 1947 572 2022; x_wconf 81' lang='lat' dir='ltr'><strong>incipitur.</strong></span> <span class='ocrx_word' id='word_1_126' title='bbox 613 1947 679 2015; x_wconf 76' lang='lat' dir='ltr'><strong>Qua</strong></span> <span class='ocrx_word' id='word_1_127' title='bbox 696 1947 728 2003; x_wconf 92' lang='lat' dir='ltr'><strong>in</strong></span> <span class='ocrx_word' id='word_1_128' title='bbox 746 1953 829 2023; x_wconf 87' lang='lat' dir='ltr'>parte</span> <span class='ocrx_word' id='word_1_129' title='bbox 844 1967 898 2005; x_wconf 82' lang='lat' dir='ltr'><strong>rex</strong></span> <span class='ocrx_word' id='word_1_130' title='bbox 916 1967 1020 2024; x_wconf 81' lang='lat' dir='ltr'><strong>pugnae</strong></span> <span class='ocrx_word' id='word_1_131' title='bbox 1034 1948 1085 2006; x_wconf 78' lang='lat' dir='ltr'><strong>ud·</strong></span> 
     </span>
     <span class='ocr_line' id='line_1_19' title="bbox 199 2042 1084 2120; baseline -0.001 -18"><span class='ocrx_word' id='word_1_132' title='bbox 199 2044 677 2120; x_wconf 83' lang='lat' dir='ltr'><strong>fuit‚ibiuliquu1ndiuoertetum:</strong></span> <span class='ocrx_word' id='word_1_133' title='bbox 695 2042 785 2100; x_wconf 86' lang='lat' dir='ltr'>ceteri</span> <span class='ocrx_word' id='word_1_134' title='bbox 792 2044 854 2119; x_wconf 86' lang='lat' dir='ltr'><strong>ejus</strong></span> <span class='ocrx_word' id='word_1_135' title='bbox 867 2043 975 2101; x_wconf 84' lang='lat' dir='ltr'><strong>milites</strong></span> <span class='ocrx_word' id='word_1_136' title='bbox 988 2043 1084 2120; x_wconf 89' lang='lat' dir='ltr'><strong>primo</strong></span> 
     </span>
     <span class='ocr_line' id='line_1_20' title="bbox 199 2137 1084 2216; baseline -0.002 -16"><span class='ocrx_word' id='word_1_137' title='bbox 199 2161 338 2200; x_wconf 80' lang='lat' dir='ltr'><strong>concursu</strong></span> <span class='ocrx_word' id='word_1_138' title='bbox 353 2140 429 2216; x_wconf 87' lang='lat' dir='ltr'><strong>pulsi</strong></span> <span class='ocrx_word' id='word_1_139' title='bbox 441 2139 599 2214; x_wconf 79' lang='lat' dir='ltr'><strong>fugatique.</strong></span> <span class='ocrx_word' id='word_1_140' title='bbox 641 2137 768 2196; x_wconf 80' lang='lat' dir='ltr'><strong>Romani</strong></span> <span class='ocrx_word' id='word_1_141' title='bbox 785 2139 934 2214; x_wconf 81' lang='lat' dir='ltr'><strong>signorum</strong></span> <span class='ocrx_word' id='word_1_142' title='bbox 947 2146 978 2197; x_wconf 89' lang='lat' dir='ltr'><strong>et</strong></span> <span class='ocrx_word' id='word_1_143' title='bbox 990 2159 1084 2198; x_wconf 79' lang='lat' dir='ltr'><strong>ornic-</strong></span> 
     </span>
     <span class='ocr_line' id='line_1_21' title="bbox 198 2234 1083 2313; baseline -0.002 -18"><span class='ocrx_word' id='word_1_144' title='bbox 198 2257 265 2294; x_wconf 87' lang='lat' dir='ltr'><strong>rum</strong></span> <span class='ocrx_word' id='word_1_145' title='bbox 277 2237 427 2313; x_wconf 82' lang='lat' dir='ltr'><strong>eliquanto</strong></span> <span class='ocrx_word' id='word_1_146' title='bbox 445 2253 565 2291; x_wconf 89' lang='lat' dir='ltr'><strong>numero</strong></span> <span class='ocrx_word' id='word_1_147' title='bbox 579 2234 706 2291; x_wconf 84' lang='lat' dir='ltr'><strong>hostium</strong></span> <span class='ocrx_word' id='word_1_148' title='bbox 719 2254 875 2310; x_wconf 75' lang='lat' dir='ltr'><strong>paucorum</strong></span> <span class='ocrx_word' id='word_1_149' title='bbox 888 2236 991 2311; x_wconf 83' lang='lat' dir='ltr'><strong>potiti:</strong></span> <span class='ocrx_word' id='word_1_150' title='bbox 1011 2256 1083 2293; x_wconf 84' lang='lat' dir='ltr'>nem</span> 
     </span>
     <span class='ocr_line' id='line_1_22' title="bbox 198 2331 1082 2410; baseline 0 -19"><span class='ocrx_word' id='word_1_151' title='bbox 198 2336 287 2391; x_wconf 85' lang='lat' dir='ltr'>ferme</span> <span class='ocrx_word' id='word_1_152' title='bbox 301 2333 446 2390; x_wconf 81' lang='lat' dir='ltr'><strong>Numidas</strong></span> <span class='ocrx_word' id='word_1_153' title='bbox 458 2332 490 2388; x_wconf 91' lang='lat' dir='ltr'><strong>iu</strong></span> <span class='ocrx_word' id='word_1_154' title='bbox 504 2332 637 2404; x_wconf 79' lang='lat' dir='ltr'><strong>omnibus</strong></span> <span class='ocrx_word' id='word_1_155' title='bbox 649 2331 754 2407; x_wconf 82' lang='lat' dir='ltr'><strong>praeliis</strong></span> <span class='ocrx_word' id='word_1_156' title='bbox 774 2332 861 2408; x_wconf 89' lang='lat' dir='ltr'>pedes</span> <span class='ocrx_word' id='word_1_157' title='bbox 881 2333 973 2409; x_wconf 79' lang='lat' dir='ltr'><strong>magis</strong></span> <span class='ocrx_word' id='word_1_158' title='bbox 990 2351 1082 2410; x_wconf 79' lang='lat' dir='ltr'><strong>quam</strong></span> 
     </span>
     <span class='ocr_line' id='line_1_23' title="bbox 198 2435 445 2487; baseline 0 -1"><span class='ocrx_word' id='word_1_159' title='bbox 198 2449 279 2487; x_wconf 80' lang='lat' dir='ltr'>erma</span> <span class='ocrx_word' id='word_1_160' title='bbox 291 2436 357 2486; x_wconf 85' lang='lat' dir='ltr'>tute</span> <span class='ocrx_word' id='word_1_161' title='bbox 370 2435 445 2486; x_wconf 85' lang='lat' dir='ltr'><strong>sunt</strong></span> 
     </span>
    </p>

    <p class='ocr_par' dir='ltr' id='par_1_4' title="bbox 195 2522 1081 3465">
     <span class='ocr_line' id='line_1_24' title="bbox 257 2522 1081 2599; baseline 0.004 -18"><span class='ocrx_word' id='word_1_162' title='bbox 257 2524 387 2581; x_wconf 88' lang='lat' dir='ltr'>LXXV.</span> <span class='ocrx_word' id='word_1_163' title='bbox 430 2524 474 2580; x_wconf 79' lang='lat' dir='ltr'><strong>Ee</strong></span> <span class='ocrx_word' id='word_1_164' title='bbox 492 2524 568 2599; x_wconf 80' lang='lat' dir='ltr'>fuge,</span> <span class='ocrx_word' id='word_1_165' title='bbox 582 2522 738 2598; x_wconf 71' lang='lat' dir='ltr'>Jugureha,</span> <span class='ocrx_word' id='word_1_166' title='bbox 757 2523 915 2599; x_wconf 86' lang='lat' dir='ltr'><strong>impensius</strong></span> <span class='ocrx_word' id='word_1_167' title='bbox 931 2524 1017 2583; x_wconf 87' lang='lat' dir='ltr'><strong>modo</strong></span> <span class='ocrx_word' id='word_1_168' title='bbox 1036 2545 1081 2584; x_wconf 85' lang='lat' dir='ltr'><strong>re·</strong></span> 
     </span>
     <span class='ocr_line' id='line_1_25' title="bbox 197 2620 1080 2696; baseline 0 -18"><span class='ocrx_word' id='word_1_169' title='bbox 197 2622 251 2678; x_wconf 86' lang='lat' dir='ltr'><strong>bus</strong></span> <span class='ocrx_word' id='word_1_170' title='bbox 271 2622 330 2677; x_wconf 87' lang='lat' dir='ltr'><strong>suis</strong></span> <span class='ocrx_word' id='word_1_171' title='bbox 350 2621 489 2690; x_wconf 85' lang='lat' dir='ltr'><strong>diffidens,</strong></span> <span class='ocrx_word' id='word_1_172' title='bbox 503 2639 569 2677; x_wconf 87' lang='lat' dir='ltr'><strong>cum</strong></span> <span class='ocrx_word' id='word_1_173' title='bbox 587 2620 713 2695; x_wconf 85' lang='lat' dir='ltr'><strong>perfugis</strong></span> <span class='ocrx_word' id='word_1_174' title='bbox 727 2625 757 2677; x_wconf 89' lang='lat' dir='ltr'><strong>et</strong></span> <span class='ocrx_word' id='word_1_175' title='bbox 776 2626 858 2696; x_wconf 81' lang='lat' dir='ltr'>perte</span> <span class='ocrx_word' id='word_1_176' title='bbox 878 2620 1028 2696; x_wconf 76' lang='lat' dir='ltr'><strong>equitatus</strong></span> <span class='ocrx_word' id='word_1_177' title='bbox 1046 2622 1080 2678; x_wconf 93' lang='lat' dir='ltr'><strong>in</strong></span> 
     </span>
     <span class='ocr_line' id='line_1_26' title="bbox 197 2715 1079 2792; baseline -0.002 -19"><span class='ocrx_word' id='word_1_178' title='bbox 197 2716 374 2787; x_wconf 86' lang='lat' dir='ltr'><strong>solitudines,</strong></span> <span class='ocrx_word' id='word_1_179' title='bbox 396 2716 464 2773; x_wconf 90' lang='lat' dir='ltr'><strong>dein</strong></span> <span class='ocrx_word' id='word_1_180' title='bbox 483 2715 604 2772; x_wconf 78' lang='lat' dir='ltr'>Thalam</span> <span class='ocrx_word' id='word_1_181' title='bbox 623 2715 765 2792; x_wconf 86' lang='lat' dir='ltr'>pervenit,</span> <span class='ocrx_word' id='word_1_182' title='bbox 785 2715 818 2771; x_wconf 93' lang='lat' dir='ltr'><strong>in</strong></span> <span class='ocrx_word' id='word_1_183' title='bbox 838 2716 978 2791; x_wconf 89' lang='lat' dir='ltr'><strong>oppidum</strong></span> <span class='ocrx_word' id='word_1_184' title='bbox 999 2735 1079 2792; x_wconf 78' lang='lat' dir='ltr'><strong>mag-</strong></span> 
     </span>
     <span class='ocr_line' id='line_1_27' title="bbox 196 2809 1081 2888; baseline -0.002 -18"><span class='ocrx_word' id='word_1_185' title='bbox 196 2832 268 2870; x_wconf 92' lang='lat' dir='ltr'><strong>num</strong></span> <span class='ocrx_word' id='word_1_186' title='bbox 287 2819 318 2870; x_wconf 92' lang='lat' dir='ltr'><strong>et</strong></span> <span class='ocrx_word' id='word_1_187' title='bbox 338 2812 516 2888; x_wconf 85' lang='lat' dir='ltr'><strong>opulentum,</strong></span> <span class='ocrx_word' id='word_1_188' title='bbox 531 2812 582 2867; x_wconf 88' lang='lat' dir='ltr'><strong>ubi</strong></span> <span class='ocrx_word' id='word_1_189' title='bbox 596 2810 726 2886; x_wconf 87' lang='lat' dir='ltr'>plerique</span> <span class='ocrx_word' id='word_1_190' title='bbox 739 2811 878 2882; x_wconf 82' lang='lat' dir='ltr'><strong>thesauri,</strong></span> <span class='ocrx_word' id='word_1_191' title='bbox 892 2809 1081 2886; x_wconf 87' lang='lat' dir='ltr'>filiorumque</span> 
     </span>
     <span class='ocr_line' id='line_1_28' title="bbox 196 2906 1081 2988; baseline -0.005 -20"><span class='ocrx_word' id='word_1_192' title='bbox 196 2911 258 2988; x_wconf 88' lang='lat' dir='ltr'><strong>ejus</strong></span> <span class='ocrx_word' id='word_1_193' title='bbox 271 2911 381 2969; x_wconf 89' lang='lat' dir='ltr'><strong>multus</strong></span> <span class='ocrx_word' id='word_1_194' title='bbox 395 2909 525 2985; x_wconf 73' lang='lat' dir='ltr'>pueritie</span> <span class='ocrx_word' id='word_1_195' title='bbox 540 2908 634 2965; x_wconf 81' lang='lat' dir='ltr'><strong>cultus</strong></span> <span class='ocrx_word' id='word_1_196' title='bbox 647 2914 716 2965; x_wconf 83' lang='lat' dir='ltr'>erat.</span> <span class='ocrx_word' id='word_1_197' title='bbox 760 2907 831 2976; x_wconf 80' lang='lat' dir='ltr'><strong>Ques</strong></span> <span class='ocrx_word' id='word_1_198' title='bbox 850 2916 1003 2982; x_wconf 81' lang='lat' dir='ltr'><strong>postquem</strong></span> <span class='ocrx_word' id='word_1_199' title='bbox 1016 2906 1081 2964; x_wconf 86' lang='lat' dir='ltr'><strong>Me-</strong></span> 
     </span>
     <span class='ocr_line' id='line_1_29' title="bbox 196 3001 1080 3081; baseline -0.006 -16"><span class='ocrx_word' id='word_1_200' title='bbox 196 3006 266 3065; x_wconf 90' lang='lat' dir='ltr'>tello</span> <span class='ocrx_word' id='word_1_201' title='bbox 279 3011 425 3081; x_wconf 80' lang='lat' dir='ltr'>comperte</span> <span class='ocrx_word' id='word_1_202' title='bbox 441 3013 519 3074; x_wconf 88' lang='lat' dir='ltr'><strong>sunt,</strong></span> <span class='ocrx_word' id='word_1_203' title='bbox 534 3021 709 3078; x_wconf 85' lang='lat' dir='ltr'>quemquem</span> <span class='ocrx_word' id='word_1_204' title='bbox 722 3002 799 3059; x_wconf 86' lang='lat' dir='ltr'>inter</span> <span class='ocrx_word' id='word_1_205' title='bbox 816 3001 938 3059; x_wconf 76' lang='lat' dir='ltr'><strong>Theium</strong></span> <span class='ocrx_word' id='word_1_206' title='bbox 957 3001 1080 3060; x_wconf 87' lang='lat' dir='ltr'><strong>fiumen-</strong></span> 
     </span>
     <span class='ocr_line' id='line_1_30' title="bbox 196 3097 1080 3180; baseline -0.007 -20"><span class='ocrx_word' id='word_1_207' title='bbox 196 3123 253 3180; x_wconf 92' lang='lat' dir='ltr'><strong>que</strong></span> <span class='ocrx_word' id='word_1_208' title='bbox 265 3103 438 3178; x_wconf 87' lang='lat' dir='ltr'><strong>proximum,</strong></span> <span class='ocrx_word' id='word_1_209' title='bbox 453 3099 546 3176; x_wconf 79' lang='lat' dir='ltr'><strong>spatio</strong></span> <span class='ocrx_word' id='word_1_210' title='bbox 556 3100 679 3156; x_wconf 87' lang='lat' dir='ltr'><strong>millium</strong></span> <span class='ocrx_word' id='word_1_211' title='bbox 692 3097 912 3175; x_wconf 70' lang='lat' dir='ltr'><strong>quinquaginta,</strong></span> <span class='ocrx_word' id='word_1_212' title='bbox 921 3097 984 3154; x_wconf 81' lang='lat' dir='ltr'>loce</span> <span class='ocrx_word' id='word_1_213' title='bbox 995 3098 1080 3156; x_wconf 80' lang='lat' dir='ltr'>eride</span> 
     </span>
     <span class='ocr_line' id='line_1_31' title="bbox 196 3194 1079 3276; baseline -0.006 -21"><span class='ocrx_word' id='word_1_214' title='bbox 196 3206 284 3276; x_wconf 84' lang='lat' dir='ltr'>atque</span> <span class='ocrx_word' id='word_1_215' title='bbox 297 3206 379 3255; x_wconf 81' lang='lat' dir='ltr'>veste</span> <span class='ocrx_word' id='word_1_216' title='bbox 392 3216 452 3254; x_wconf 87' lang='lat' dir='ltr'>esse</span> <span class='ocrx_word' id='word_1_217' title='bbox 464 3202 645 3272; x_wconf 81' lang='lat' dir='ltr'><strong>cognoverat,</strong></span> <span class='ocrx_word' id='word_1_218' title='bbox 664 3201 771 3267; x_wconf 85' lang='lat' dir='ltr'>temen,</span> <span class='ocrx_word' id='word_1_219' title='bbox 785 3214 835 3270; x_wconf 90' lang='lat' dir='ltr'><strong>spe</strong></span> <span class='ocrx_word' id='word_1_220' title='bbox 849 3194 986 3270; x_wconf 81' lang='lat' dir='ltr'><strong>patrandi</strong></span> <span class='ocrx_word' id='word_1_221' title='bbox 997 3194 1079 3263; x_wconf 87' lang='lat' dir='ltr'>belli,</span> 
     </span>
     <span class='ocr_line' id='line_1_32' title="bbox 195 3292 1079 3370; baseline -0.003 -21"><span class='ocrx_word' id='word_1_222' title='bbox 195 3293 222 3349; x_wconf 88' lang='lat' dir='ltr'><strong>si</strong></span> <span class='ocrx_word' id='word_1_223' title='bbox 245 3295 306 3368; x_wconf 86' lang='lat' dir='ltr'><strong>ejus</strong></span> <span class='ocrx_word' id='word_1_224' title='bbox 327 3294 425 3370; x_wconf 89' lang='lat' dir='ltr'><strong>oppidi</strong></span> <span class='ocrx_word' id='word_1_225' title='bbox 446 3294 558 3368; x_wconf 88' lang='lat' dir='ltr'><strong>potitus</strong></span> <span class='ocrx_word' id='word_1_226' title='bbox 573 3293 658 3364; x_wconf 82' lang='lat' dir='ltr'>foret,</span> <span class='ocrx_word' id='word_1_227' title='bbox 675 3311 774 3348; x_wconf 89' lang='lat' dir='ltr'><strong>omnes</strong></span> <span class='ocrx_word' id='word_1_228' title='bbox 791 3292 961 3367; x_wconf 75' lang='lat' dir='ltr'>asperitates</span> <span class='ocrx_word' id='word_1_229' title='bbox 979 3309 1079 3365; x_wconf 89' lang='lat' dir='ltr'><strong>super-</strong></span> 
     </span>
     <span class='ocr_line' id='line_1_33' title="bbox 197 3382 1079 3465; baseline -0.001 -22"><span class='ocrx_word' id='word_1_230' title='bbox 197 3387 308 3460; x_wconf 79' lang='lat' dir='ltr'>vadere,</span> <span class='ocrx_word' id='word_1_231' title='bbox 322 3408 356 3446; x_wconf 86' lang='lat' dir='ltr'>ec</span> <span class='ocrx_word' id='word_1_232' title='bbox 368 3395 504 3446; x_wconf 77' lang='lat' dir='ltr'><strong>naturum</strong></span> <span class='ocrx_word' id='word_1_233' title='bbox 517 3390 607 3446; x_wconf 84' lang='lat' dir='ltr'>etiarn</span> <span class='ocrx_word' id='word_1_234' title='bbox 620 3389 743 3461; x_wconf 85' lang='lat' dir='ltr'>vincere,</span> <span class='ocrx_word' id='word_1_235' title='bbox 759 3388 937 3465; x_wconf 74' lang='lat' dir='ltr'><strong>adgreditur.</strong></span> <span class='ocrx_word' id='word_1_236' title='bbox 977 3382 1079 3462; x_wconf 75' lang='lat' dir='ltr'><strong>Igitur</strong></span> 
     </span>
    </p>
   </div>
   <div class='ocr_carea' id='block_1_3' title="bbox 0 0 1218 3785">
    <p class='ocr_par' dir='ltr' id='par_1_5' title="bbox 0 0 1218 3785">
     <span class='ocr_line' id='line_1_34' title="bbox 0 0 1218 3785; baseline 0 0"><span class='ocrx_word' id='word_1_237' title='bbox 0 0 1218 3785; x_wconf 95' lang='lat' dir='ltr'><strong> </strong></span> 
     </span>
    </p>
   </div>
  </div>
 </body>
</html>
