2426 3790
198 250 236 308 42
401 246 624 309 SALLUSTII
644 242 882 306 JIJGUBTHA.

197 402 390 478 conspicatur:
400 402 494 477 primo
503 401 617 470 dubius,
623 399 764 475 quidnam
772 398 892 455 insolita
899 397 986 456 facies
992 395 1091 457 osten·

194 497 279 555 doret
289 495 369 566 (nani
380 498 458 554 inter
468 495 595 572 virgulta
605 496 674 572 equi
684 494 880 570 Numidaeque
889 495 1088 564 consederant,

197 611 291 668 neque
311 593 398 668 plane
418 592 555 649 occultati
575 590 744 648 humilitate
766 590 910 662 arborum,
933 596 964 647 et
985 594 1088 648 tamen

196 687 309 759 incerti,
325 687 465 763 quidnam
484 692 567 758 esset,
582 702 650 743 curn
663 693 770 742 ustura
783 685 846 756 loci,
861 690 927 742 tum
940 684 1015 756 dolo,
1029 685 1087 761 ipsi

196 788 285 859 atquc
305 783 388 858 signa
407 781 546 838 militaria
569 780 733 858 obscurati),
754 780 830 851 dein,
852 780 936 837 bravi
961 782 1087 857 cognitis

195 877 318 947 insidiis,
333 878 492 953 paullisper
511 895 614 952 agmen
635 876 805 933 constituit:
829 876 880 947 ibi,
899 877 1086 934 commutatis

196 974 347 1031 ordinibus
356 975 389 1030 in
399 973 520 1030 dextero
530 973 629 1043 latere,
639 971 717 1047 quod
727 972 893 1047 proximum
904 971 1002 1030 hostes
1011 981 1083 1046 erat,

196 1069 361 1145 triplicibus
381 1069 517 1127 subsidiis
535 1068 627 1126 aciem
648 1069 809 1126 instruxit:
832 1069 909 1125 inter
921 1070 1085 1146 manipules

195 1164 359 1222 funditores
378 1171 409 1222 et
428 1163 593 1240 sagittarios
613 1163 767 1238 dispertit:
788 1164 953 1239 equitatum
968 1182 1085 1223 emnem

194 1260 228 1317 in
247 1262 383 1318 comibus
402 1260 497 1318 locat:
518 1278 559 1330 ac,
575 1277 666 1334 pauca
684 1276 737 1334 pro
754 1264 884 1336 tempore
897 1256 1004 1318 milites
1018 1261 1084 1318 hor·
1196 1312 1197 1341 ,

195 1363 285 1427 tatus,
302 1360 403 1429 aciem,
418 1357 505 1415 sicuti
525 1356 715 1428 instinxerat,
730 1355 903 1414 transversis
922 1358 1082 1434 principiis,

195 1455 228 1511 in
240 1455 362 1530 planum
375 1454 500 1512 deducit.
545 1510 553 1526 ,

255 1552 288 1612 Ia
331 1552 397 1624 Sed,
409 1553 460 1610 ubi
475 1551 621 1609 Numidas
629 1551 752 1629 quietos,
764 1571 857 1629 neque
870 1552 943 1611 celle
955 1553 1082 1628 degredi,
1197 1598 1198 1613 i

194 1650 411 1720 animadvcmit,
423 1649 542 1720 veritus,
557 1667 595 1705 ex
607 1650 678 1705 anni
691 1654 822 1724 tempere
834 1655 866 1705 et
878 1649 977 1724 inopia
989 1660 1082 1725 aqum,

195 1766 233 1804 nc
252 1747 303 1804 siti
323 1746 512 1803 conficeretur
531 1746 685 1816 exercitus,
701 1745 997 1822 Rutilium-legatum
1016 1767 1083 1804 cnm

196 1841 339 1918 expeditis
365 1841 532 1898 cohortibus
558 1848 589 1898 et
615 1847 698 1916 parta
725 1842 857 1917 equiturn
881 1844 1022 1919 praemisit
1045 1846 1084 1903 ad

195 1938 311 2008 flumen,
344 1937 390 1994 uti
421 1936 517 1994 locum
549 1937 651 1994 castris
681 1942 874 2013 antecaperet,
902 1939 1082 2012 existimans,

194 2033 292 2090 hostes
312 2036 412 2091 crebro
431 2033 544 2108 impetu
564 2040 596 2089 et
615 2033 787 2089 transversis
807 2033 914 2108 praeliis
926 2035 985 2092 iter
996 2054 1084 2094 suum

159 2182 161 2188 .
195 2138 398 2200 remoraturos,
420 2135 457 2201 et,
480 2130 618 2205 queniam
637 2129 726 2186 armis
746 2129 917 2202 diffiderent,
939 2131 1084 2189 lassitudi-

194 2233 313 2283 namet
333 2225 413 2281 sitim
434 2225 563 2282 militum
581 2231 755 2283 tentaturos.
798 2225 876 2282 Dein
894 2227 963 2302 ipsc,
979 2246 1031 2303 pro
1051 2246 1085 2285 ra

194 2327 283 2396 atque
303 2320 374 2390 leco,
396 2320 483 2379 sicuti
505 2326 607 2377 mente
629 2320 823 2391 descenderat,
846 2322 998 2396 paullatim
1018 2342 1084 2399 pro·

195 2416 315 2473 cedere:
335 2415 465 2473 Marium
478 2421 544 2490 pest
554 2415 697 2491 principia
706 2415 812 2473 habere
825 2436 831 2473 :
851 2417 912 2492 ipse
922 2436 990 2474 cum
1000 2419 1084 2475 sinis·

195 2518 248 2567 trec
268 2510 321 2568 ele
344 2511 492 2585 equitibus
511 2530 580 2581 esse,
595 2511 648 2585 qui
667 2512 699 2567 in
717 2512 833 2586 agmine
851 2513 996 2589 principes
1013 2515 1084 2571 facti

195 2616 287 2667 erant.
329 2609 375 2665 At
394 2608 416 2664 J
418 2608 553 2682 ugurtha,
574 2608 627 2665 ubi
649 2615 814 2664 extremum
840 2626 944 2683 agmen
968 2609 1084 2667 Metelli

195 2707 305 2783 primos
317 2724 384 2762 siros
397 2711 630 2779 praetergressum
644 2703 733 2775 videt,
747 2702 882 2779 prasidio
895 2705 979 2779 quasi
992 2705 1083 2763 duum

195 2800 322 2858 millium
332 2798 464 2874 peditum
475 2804 605 2854 montem
614 2804 743 2874 occupat,
753 2818 812 2874 qua
822 2799 961 2857 Metellus
971 2802 1085 2860 descen·

195 2899 298 2968 derat3
319 2914 356 2951 ne
369 2893 445 2951 forte
458 2893 627 2950 cedentibus
641 2893 813 2953 adversariis
825 2897 1006 2970 receptrice
1019 2905 1086 2972 pest

196 2993 379 3050 munimento
389 2990 483 3047 foret:
501 2989 570 3046 dein
580 2996 707 3065 repente,
717 2990 800 3065 signe
810 2990 887 3062 dato,
899 2992 995 3049 hostes
1004 2994 1086 3051 inva-

195 3089 248 3148 dja
284 3085 432 3151 Numidae,
440 3084 491 3141 alii
502 3092 662 3159 postremos
671 3086 800 3158 caedere;
818 3106 885 3162 pers
894 3108 912 3144 a
921 3089 1042 3146 einieua
1051 3107 1086 3148 ao

196 3183 318 3240 dcxmra
327 3186 442 3238 tentare
454 3199 461 3237 ε
478 3180 584 3237 infensi
595 3180 694 3238 adesse
703 3187 793 3257 atque
803 3183 931 3240 instare:
949 3185 1086 3244 omuibus

196 3278 267 3336 locis
287 3279 486 3336 Romanorum
507 3277 624 3334 ordines
642 3277 835 3347 conturbem
855 3296 980 3353 quorum
995 3279 1084 3336 etiam

197 3372 249 3449 qui
262 3372 438 3429 firmioribus
451 3371 558 3429 animis
571 3373 651 3429 obvii
664 3370 796 3430 hostibus
806 3371 931 3443 fueram,
943 3370 1086 3431 ludificati
