2426 3790
189 267 235 328 ’58
388 214 628 328 ,sennvsrlf
645 267 670 324 J
675 267 883 326 UGURTHA.

195 426 282 484 sidiis
296 425 450 482 statuitur:
472 429 581 491 caetera,
600 422 646 478 uti
669 441 715 479 res
734 428 870 497 posceret,
895 442 932 479 ex
951 429 1086 500 tempore

195 522 291 599 parari
299 522 415 598 placuit
442 518 592 575 Nabdalsa
603 518 640 575 ad
654 519 815 575 exercitum
826 519 978 595 profectus,
991 540 1084 597 quem

195 620 274 676 inter
295 618 417 675 hiberna
441 617 639 674 Romanorum
665 617 763 692 jussus
789 615 922 689 habebat,
945 637 982 675 nc
1001 639 1084 696 ager,

194 715 297 773 inultis
323 715 463 784 hostibus,
481 717 652 770 vastaretur.
695 711 727 768 Is
752 719 913 789 postquam,
935 715 1083 790 magnitu.

194 811 263 867 diue
275 809 409 866 facinoris
423 807 577 884 perculsus,
592 806 630 862 ad
648 813 762 883 tempus
782 826 841 864 non
860 808 949 879 veuit,
971 817 1083 868 metus-

193 926 251 982 que
264 926 326 963 rem
339 905 529 982 impediebat3
552 903 705 973 Bomilcar,
721 902 807 960 simul
821 903 943 978 cupidus
962 905 1082 982 incepta

193 989 337 1079 patrandi,
361 1008 391 1059 11
410 1002 515 1058 timore
537 1003 607 1060 socii
634 1000 748 1067 anxius,
774 1017 819 1070 ne,
848 1000 952 1057 omisso
976 1008 1080 1060 vetere

193 1099 321 1171 consilio,
336 1118 444 1155 novum
458 1105 607 1174 quaereret,
622 1098 737 1154 litteras
750 1095 787 1152 ad
800 1113 867 1151 cum
880 1114 933 1170 per
945 1096 1081 1154 homines

190 1196 292 1253 fideles
311 1196 414 1267 mittit,
435 1196 467 1252 in
486 1196 576 1270 queis,
593 1200 610 1227 “
620 1193 773 1250 mollitiem
787 1190 1001 1266 secordiamque
1018 1194 1081 1250 viri

191 1300 340 1351 accusaret
361 1293 463 1350 testari
476 1294 551 1365 deos,
567 1312 619 1368 per
632 1310 704 1368 quos
719 1288 889 1366 juravisset:
908 1308 1025 1348 monere
1037 1310 1080 1348 ne

192 1391 310 1466 praemia
323 1389 438 1446 Metelli
458 1389 490 1446 in
510 1394 621 1464 pestem
641 1390 836 1445 converteret:
857 1382 1079 1459 1111111111-

191 1486 279 1543 itium
299 1485 412 1556 adesse3
432 1490 559 1541 ceterum
580 1502 677 1553 suane,
692 1501 730 1539 an
749 1479 866 1537 Metelli
879 1481 989 1538 virtute
1000 1481 1079 1556 peri·

191 1589 245 1653 ret,
270 1583 301 1639 id
327 1582 412 1638 modo
439 1581 557 1657 agitari:
582 1581 704 1658 proinde
723 1583 873 1655 reputaret
892 1597 959 1635 cum
977 1581 1078 1639 animo

191 1698 251 1750 suo,
266 1679 392 1755 praemia,
404 1698 442 1734 an
452 1679 621 1749 cruciatum,
636 1677 762 1735 mallet''

251 1775 367 1832 LXXI.
411 1775 475 1847 Sed,
497 1794 562 1832 cum
581 1775 626 1832 1111
646 1776 753 1832 11111111
772 1776 884 1846 adlatae,
900 1776 974 1833 forte
993 1775 1076 1834 Nab-

163 1940 166 1944 ,
191 1870 279 1942 dalsa,
301 1872 428 1929 exercito
441 1891 557 1947 corpore
569 1872 668 1944 fessus,
684 1871 804 1929 inlecto
818 1872 991 1947 quiescebat,
1011 1873 1073 1944 ubi,

191 1969 313 2044 cognitis
342 1966 511 2026 Bomilcaris
538 1970 642 2040 verbis,
671 1969 765 2045 primo
793 1988 870 2041 cura,
891 1969 1002 2042 deinde,
1026 1971 1074 2028 uti

190 2082 300 2138 aegrum
313 2063 443 2119 animum
456 2063 536 2134 solet,
551 2082 668 2121 somnus
681 2065 765 2140 cepit.
808 2063 881 2121 Erat
894 2063 922 2120 ei
941 2063 1075 2124 Numida

190 2158 317 2234 quidam,
332 2158 515 2234 negotiorum
528 2165 651 2233 curator,
666 2160 741 2217 fidas
754 2166 952 2236 acceptusque,
969 2168 1000 2219 et
1012 2181 1074 2218 orn-

190 2258 273 2314 nium
286 2256 477 2328 consiliorum,
489 2257 547 2313 nisi
560 2257 716 2329 novissimi,
731 2258 880 2334 particeps.
924 2259 982 2328 Qui
995 2265 1074 2335 post-

190 2374 279 2430 quam
299 2355 411 2412 adlatas
432 2355 545 2412 litteras
563 2356 684 2424 audivit,
706 2374 743 2413 ex
763 2342 972 2414 consuetudine
991 2363 1073 2416 ratus

191 2468 277 2524 opera
296 2456 326 2508 11
346 2453 532 2527 ingeniosae
551 2473 621 2529 opus
641 2472 711 2524 esse,
733 2453 765 2509 in
788 2453 1009 2511 tabernaculum
1027 2455 1072 2511 in·

190 2548 292 2607 troiit:
314 2550 473 2607 dormiente
493 2550 552 2622 illo,
574 2551 733 2626 epistolam,
749 2569 835 2626 super
852 2558 939 2626 caput
959 2551 1074 2628 11111111ό

189 2645 259 2702 vino
272 2651 380 2703 temere
393 2647 525 2721 positam,
540 2648 630 2703 sumit
643 2666 676 2704 ac
695 2646 832 2723 perlegit3
854 2646 922 2703 dein
942 2665 1071 2722 propere,

190 2742 313 2817 cognitis
332 2742 452 2813 insidiis,
481 2742 518 2799 ad
544 2761 642 2817 regem
668 2744 769 2818 pergit.
819 2742 976 2814 Nabdalsa,
1006 2752 1073 2819 post

189 2839 287 2916 paullo
307 2847 498 2915 experrectus,
520 2839 572 2897 ubi
597 2859 693 2916 neque
719 2840 871 2917 epistolam
897 2840 1016 2916 reperit,
1041 2848 1073 2899 et

189 2954 250 2992 rem
270 2954 392 3006 omnem,
413 2937 460 2993 uti
479 2942 543 2993 acta
562 2943 631 3009 erat,
654 2938 796 3012 cognovit,
823 2936 917 3010 primo
944 2937 1072 2995 indicem

189 3031 323 3108 persequi
335 3038 454 3088 conatus
460 3052 469 3104 3
483 3041 636 3108 postquam
649 3032 680 3089 id
692 3033 801 3104 frustra
813 3032 878 3104 fuit,
890 3031 912 3090 J
913 3034 1072 3108 ugurtham

190 3127 321 3203 placandi
341 3128 435 3202 gratia
453 3128 583 3185 accedit:
611 3128 683 3186 dicit
704 3133 795 3204 “quae
815 3129 877 3204 ipse
901 3129 1070 3204 paravisset,

190 3221 309 3293 perfidia
329 3212 443 3279 clientis
462 3223 508 3280 sui
527 3229 675 3299 praeventa
686 3224 709 3280 :''
729 3224 891 3298 lacrymans
908 3223 1072 3282 obtestatur

192 3318 269 3388 “per
288 3316 453 3388 amicitiam,
474 3337 582 3394 perque
601 3337 654 3374 sua
678 3322 764 3376 antea
789 3317 913 3374 fideliter
936 3321 1010 3388 acta,
1031 3334 1072 3375 nc

191 3426 276 3483 super
288 3412 341 3468 tali
354 3414 457 3471 scelere
471 3420 635 3490 suspectum
649 3433 709 3474 1111
721 3410 866 3473 haberet'’
