2426 3786
185 254 224 315 22
399 250 625 315 sensuum
650 254 852 318 causamn

179 404 278 464 studio
297 411 439 483 permota,
454 412 508 465 aut
521 407 655 483 superbia
671 407 903 484 magistratuum,
917 413 1031 466 armata
1047 422 1067 467 a

180 503 313 579 patribus
325 504 449 563 secessit.
484 503 531 561 Aa
544 523 598 560 nos
610 523 670 562 non
680 505 835 579 imperium
845 524 939 580 neque
949 506 1071 564 divitias

179 598 315 677 patimus,
334 618 459 675 quarum
476 618 575 656 rerum
594 618 696 657 caussa
715 600 792 657 bella
809 606 897 676 atque
910 603 1069 661 conamina

178 692 278 752 omnia
290 693 369 752 inter
381 694 519 752 mortales
531 701 602 752 sunt
611 714 621 767 3
640 695 690 753 sed
699 695 875 765 libertatem,
883 715 972 772 quam
982 716 1069 756 namo

178 787 281 862 bonus,
295 791 354 848 nisi
367 809 434 848 oum
447 792 546 848 anima
558 791 653 862 simul,
670 791 788 851 amittit.
831 792 873 849 Tc
885 798 975 869 atque
987 810 1069 850 uena·

178 888 244 944 tum
256 886 447 957 obtestamur,
461 885 621 943 consulatis
632 886 747 944 miseris
759 887 872 944 civibus
881 907 892 960 3
911 886 984 962 legis
996 906 1068 963 prae·

178 980 294 1052 sidium,
318 980 397 1057 quod
422 980 564 1058 iniquitas
591 982 724 1057 praetoris
747 983 863 1058 eripuit,
884 984 1067 1042 restituatis}

178 1097 253 1139 neve
272 1098 337 1136 eam
356 1077 441 1137 nebia
461 1079 704 1137 necessitudinem
725 1079 888 1155 imponatis,
903 1086 939 1137 ut
957 1099 1068 1156 quaera-

177 1194 251 1248 mus,
270 1194 397 1251 quonam
414 1174 502 1232 modo
520 1175 579 1232 ulti
595 1175 723 1232 maxime
741 1175 913 1252 sanguinem
932 1180 1068 1233 nostrum

177 1273 354 1348 pareamua.”
930 1264 937 1273 ’

238 1367 397 1427 XXXIV.
438 1367 491 1426 Ad
520 1368 581 1426 haec
610 1368 645 1437 Q.
667 1367 816 1426 Marcius:
847 1366 908 1423 “Si
933 1365 1005 1443 quid
1029 1366 1068 1424 ab

177 1469 281 1520 senatu
294 1469 394 1539 petere
406 1463 524 1535 vellent,
539 1463 577 1520 ab
590 1463 679 1520 armis
690 1462 848 1534 discedant,
861 1461 987 1519 Romam
1000 1479 1066 1535 sup-

177 1559 266 1636 plices
285 1559 523 1636 proficiscantur:
549 1578 583 1618 ea
603 1559 827 1617 mansuetudine
847 1565 937 1634 atque
955 1558 1066 1615 miseri-

177 1654 276 1712 cordia
294 1660 428 1713 senatum
448 1654 648 1730 populumque
662 1653 828 1711 Romanum
842 1671 955 1728 semper
967 1652 1065 1723 fuisse,

177 1757 213 1810 ut
231 1769 319 1808 nemo
342 1770 474 1828 unquam
498 1752 536 1808 ab
555 1769 590 1808 eo
609 1751 717 1807 frustra
735 1748 881 1806 auxilium
900 1748 1065 1823 petiveait’'

177 1846 223 1904 At
237 1846 367 1906 Catilina
379 1865 418 1906 ex
430 1848 538 1905 itinere
546 1847 692 1924 plerisque
704 1846 911 1916 consularibus,
926 1851 1066 1920 praeterea

175 1942 288 2019 optimo
304 1942 418 2020 cuique,
437 1943 552 2000 litteras
568 1942 682 2003 mittit:
706 1945 724 1976 ‘⁴
736 1940 773 1998 se
793 1941 874 1998 falsis
895 1939 1075 1997 criminibus

175 2040 415 2111 circumventum,
434 2038 574 2114 quoniam
593 2037 712 2096 factioni
733 2038 918 2094 inimicorum
931 2036 1065 2094 resistere
1135 2112 1138 2119 Ι

175 2135 349 2211 nequiverit,
367 2133 493 2191 fortunae
510 2134 619 2206 cedere,
639 2133 801 2192 Massiliam
815 2133 848 2189 in
862 2132 985 2189 exilium
998 2148 1063 2206 pro-

174 2229 264 2287 ficisci
273 2249 283 2302 ;
303 2248 364 2287 non
372 2248 430 2305 quo
440 2230 496 2286 sibi
504 2230 582 2286 tanti
593 2229 708 2287 sceleris
721 2229 853 2308 conscius
864 2233 946 2299 esset,
957 2227 1008 2285 sed
1017 2228 1064 2284 uti

173 2324 335 2401 respublica
347 2326 447 2401 quieta
459 2326 544 2397 foret,
557 2343 632 2382 neve
645 2343 683 2382 ex
696 2343 748 2382 uua
761 2325 948 2382 contentione
959 2321 1063 2380 seditio

174 2421 326 2480 oriretur.”
358 2422 411 2480 Ab
424 2423 564 2498 hislouge
575 2422 703 2480 diversas
715 2422 829 2478 litteras
843 2421 878 2489 Q.
896 2421 1018 2479 Catulus
1030 2420 1063 2477 in

173 2523 277 2576 senatu
295 2516 439 2585 recitavit,
463 2537 536 2595 quas
555 2518 613 2575 sibi
636 2518 754 2575 nomine
779 2515 915 2574 Catilinae
934 2515 1064 2573 redditas

174 2613 307 2671 dicebat:
328 2631 428 2671 aarum
442 2613 609 2689 exemplum
621 2613 699 2670 infra
711 2613 853 2688 scriptum
866 2630 875 2670 τ

233 2707 370 2768 XXXV.
417 2713 436 2744 ‘⁴
447 2709 480 2768 L.
504 2709 634 2766 Catilina
653 2709 688 2778 Q.
710 2708 825 2766 Catulo.
867 2707 992 2783 Egregia
1010 2711 1065 2764 tua

173 2804 253 2878 fides,
273 2822 306 2863 re
325 2806 450 2882 cognita,
467 2813 582 2882 gratam
598 2807 631 2863 in
644 2806 758 2882 magnis
774 2804 909 2881 periculis
926 2803 1063 2862 fiduciam

173 2901 417 2959 commendationi
429 2901 625 2960 meaetaibuit.
661 2901 856 2971 Quamobrem
866 2899 1063 2957 defensionem

173 2996 208 3053 in
219 3014 297 3054 novo
314 2997 436 3054 consilio
456 3016 516 3054 non
533 2998 626 3054 statui
643 3015 764 3073 parare:
784 2995 1010 3053 satisfactionem
1024 3015 1062 3053 ex

173 3089 256 3147 nulla
275 3091 451 3150 conscientia
470 3092 507 3149 de
531 3093 616 3167 culpa
635 3091 941 3171 proponeredeorevi,
963 3110 1060 3168 quam,

173 3185 406 3261 mediusfidius,
420 3207 521 3246 veram
534 3188 604 3246 licet
617 3207 776 3264 cognoscas
818 3187 942 3263 Iujuriis
959 3192 1060 3244 contn-

173 3276 323 3355 meliisque
336 3283 505 3356 concitatus,
520 3283 607 3360 quod,
622 3283 721 3341 fluctu
734 3283 842 3341 laboris
851 3281 1059 3356 induatiiaeque

173 3390 244 3432 msoe
257 3375 398 3453 privatus,
408 3385 520 3440 statum
534 3380 687 3457 dignitatis
696 3399 755 3438 non
769 3380 944 3451 obtinebam,
963 3377 1068 3455 publi..
