2432 3788
173 235 189 292 6
371 225 593 288 SALLUSTII
617 225 643 282 J
647 223 856 284 UGUM'HA.

162 389 322 463 imperator
331 401 431 465 omncs
440 383 500 440 fere
511 399 558 438 res
571 398 686 456 asperas
699 398 751 455 per
761 379 783 436 J
783 377 941 454 ugurtham
951 397 1045 455 agere,

160 482 193 538 in
216 480 318 538 amicis
339 479 453 548 habere,
478 478 571 551 magis
588 476 738 552 magisque
754 476 786 532 in
807 476 869 531 dies
889 474 1045 549 amplecti3

161 578 270 653 quippe
291 575 374 651 cujus
390 591 485 648 neque
503 572 664 643 consilium,
684 590 779 646 neque
792 571 943 646 inceptum
951 569 1047 627 ullum

161 673 270 729 frustra
292 678 362 729 erat
404 669 476 726 Huc
496 667 650 725 accedebat
672 665 873 723 munificentia
893 665 994 737 anImi,
1016 672 1048 723 et

160 768 273 842 ingenii
293 765 432 832 sollertia,
445 765 528 839 queis
544 763 631 820 rebus
648 762 705 820 sibi
723 761 832 818 multos
847 780 886 818 ex
905 760 1047 820 Romanis

160 861 298 919 familiari
311 859 440 916 amicitia
452 859 650 933 conjunxerat.
993 906 997 915 .

220 956 315 1014 VIII.
358 955 403 1011 Ea
425 959 598 1029 tempestate
623 954 657 1011 in
683 953 815 1011 exercitu
840 959 940 1011 nostro
965 953 1047 1011 fuere

161 1051 330 1127 complures,
359 1050 429 1106 novi
455 1054 545 1124 atque
566 1048 684 1120 nobiles,
712 1049 818 1123 quibus
839 1047 950 1106 divitiae
970 1049 1046 1106 bono

159 1148 339 1223 honestoque
352 1146 478 1222 potiores
492 1150 584 1215 erant,
597 1143 711 1201 factiosi
724 1142 811 1214 domi,
822 1151 956 1219 potentes
968 1145 1047 1221 apud

160 1245 258 1316 socios,
278 1243 349 1300 clari
367 1242 465 1317 magis,
479 1224 573 1315 xquam
591 1239 722 1296 honesti:
742 1238 794 1314 qui
813 1237 969 1313 Iugurthae
986 1258 1045 1296 non

159 1338 333 1396 mediocrem
354 1337 485 1395 animum
511 1336 700 1412 pollicitando
725 1335 928 1407 accendebant,
951 1352 979 1394 s1
998 1353 1047 1394 m-

159 1450 242 1493 clrsa
255 1448 662 1502 asxooc1n1ssnr,roan,ur1
675 1447 763 1489 sonus
776 1447 893 1488 raanan
905 1447 1047 1490 suumn

158 1547 344 1589 romarus:
365 1546 399 1586 m
419 1545 483 1586 1Pso
503 1543 647 1585 Maxim
666 1543 826 1597 waburna,
841 1543 931 1584 noum
948 1543 1046 1607 ouum

159 1642 292 1684 vasania
312 1614 388 1685 ussa.
432 1624 488 1681 Sed
508 1631 671 1700 postquam,
692 1623 856 1681 Numantia
882 1623 986 1694 deleta,
1010 1627 1042 1686 P.

160 1722 257 1796 Scipio
271 1722 420 1779 dimittere
433 1721 552 1792 auxilia,
567 1721 629 1796 ipso
642 1720 751 1777 reverti
764 1720 883 1777 domum
897 1719 1044 1795 decrevit;

159 1818 300 1875 donatum
320 1823 409 1894 atque
427 1817 579 1874 laudatum
601 1815 750 1892 magnifice
770 1834 822 1890 pro
842 1816 978 1903 concione
990 1815 1046 1873 Ju-

158 1914 297 1989 gurtham
310 1913 343 1969 in
356 1914 526 1989 praetorium
541 1913 674 1984 abduxit,
687 1913 786 1988 ibique
799 1918 908 1968 secreto
922 1911 1044 1985 monuit,
1131 1896 1134 1904 ¹

162 2015 178 2042 “
188 2008 235 2067 uti
247 2008 345 2083 potius
358 2007 482 2083 publice,
503 2026 593 2084 quam
606 2008 754 2083 privatim,
775 2008 934 2064 amicitiam
945 2010 1046 2085 populi

159 2103 196 2162 R.
211 2104 337 2175 coleret,
358 2122 417 2160 neu
438 2104 544 2178 quibus
557 2103 658 2179 largiri
671 2103 865 2176 insuesceret5
886 2106 1046 2179 periculoso

158 2219 176 2256 a
189 2199 288 2275 paucis
302 2199 367 2270 emi,
382 2199 461 2275 quod
475 2199 635 2257 multorum
649 2206 741 2257 essct:
762 2200 788 2256 si
807 2219 976 2276 permanere
988 2201 1046 2258 vel-

160 2295 202 2352 let
215 2295 248 2350 in
261 2293 321 2350 suis
335 2294 455 2366 artibus,
468 2295 547 2351 ultro
560 2294 605 2351 illi
619 2301 649 2352 et
662 2295 785 2372 gloriam
798 2301 828 2352 et
840 2314 963 2371 regnum
977 2315 1046 2353 ven·

161 2398 262 2445 turum
268 2409 278 2461 ;
298 2390 345 2446 sin
358 2391 563 2466 properantius
576 2396 717 2467 pergeret,
732 2395 845 2447 suamet
857 2391 953 2467 ipsum
963 2411 1047 2468 pecu·

160 2484 210 2542 nia
223 2484 402 2559 praecipitem
416 2483 578 2544 casurum''

219 2579 276 2636 IX.
319 2579 368 2637 Sic
384 2580 509 2653 locutus,
523 2600 591 2638 cum
608 2580 715 2638 litteris
731 2598 807 2651 eum,
826 2600 897 2656 quas
914 2580 1046 2656 Micipsa

125 2726 137 2743 „
160 2674 303 2746 redderet,
327 2676 460 2734 dimisit:
488 2695 588 2735 aarum
612 2676 757 2733 sententia
779 2677 841 2734 haec
862 2683 942 2735 crat:
966 2677 1046 2734 “Ju-

159 2770 274 2846 gurthae
289 2772 335 2828 tui
349 2772 426 2829 bello
435 2772 621 2829 Numantino
631 2771 717 2847 longe
726 2773 855 2828 maxima
864 2773 959 2830 virtus
969 2773 1027 2830 fuit
1035 2793 1045 2846 ;

159 2887 249 2944 quam
262 2887 325 2925 rem
342 2868 401 2925 tibi
418 2880 498 2926 certo
508 2869 566 2926 scio
580 2869 685 2944 gaudio
698 2887 773 2926 esse:
794 2869 878 2925 nobis
891 2870 928 2926 ob
942 2869 1047 2927 merita

160 2983 243 3022 carus
270 2969 333 3037 est3
361 2965 406 3022 uti
425 2965 502 3022 idem
531 2965 645 3022 senatui
666 2965 705 3021 sit
725 2971 755 3022 et
774 2966 882 3040 populo
902 2965 1045 3040 Romano,

161 3079 275 3118 summa
287 3079 342 3137 ope
355 3061 492 3120 nitemur.
528 3061 595 3119 Tibi
608 3062 726 3137 quidem
740 3081 793 3138 pro
806 3068 906 3120 nostra
918 3064 1047 3121 amicitIa

161 3156 310 3233 gratulor:
331 3175 368 3214 en
386 3157 475 3215 habes
491 3159 588 3215 virum
610 3159 731 3233 dignum
750 3164 789 3229 te,
810 3164 899 3233 atque
919 3178 974 3217 avo
994 3180 1047 3219 suo

162 3249 343 3310 Masinissa”
384 3253 483 3329 Igitur
501 3274 562 3326 rex,
583 3255 636 3312 ubi
655 3273 698 3322 ea,
718 3274 783 3330 quae
800 3248 877 3311 sama
890 3264 1045 3332 acceperat,

119 3374 122 3381 ⁴
164 3364 202 3403 ex
220 3346 328 3405 Iltteris
347 3348 530 3425 imperatoris
549 3351 593 3407 ita
612 3369 674 3408 esso
693 3350 837 3425 cognovit,
854 3369 920 3407 cum
934 3353 1046 3412 virtute
