2426 3786
360 240 583 302 SALLUSYII
609 242 817 307 onrltlrtn.
1016 249 1048 320 ⁷,

141 395 227 472 'quod
247 395 404 469 beneficiis,
426 415 515 473 quam
535 401 626 469 metu,
640 396 796 475 imperium
815 396 975 474 agitabunt,
993 404 1032 475 et,

145 495 266 568 accepta
278 490 395 567 injurio,
408 492 556 568 ignoscere
569 511 657 568 quam
669 492 805 569 persequi
817 492 972 555 malebant

134 607 143 613 ‘¹
205 585 247 647 X.
289 586 408 646 Sedubi
419 587 616 662 laborectque
625 587 744 663 justitia
756 588 919 665 respublica
931 589 1031 661 crevit,

145 701 228 758 regen
249 683 349 759 magni
367 682 445 740 bello
468 682 581 753 domiti,
609 684 743 741 nationes
771 683 847 755 ierae,
875 690 907 742 et
931 684 1033 762 populi

145 779 282 854 ingentes
294 778 325 836 ri
338 777 459 846 subacti,
474 776 628 854 Carthago,
646 778 751 836 aemule
766 778 882 854 imperii
895 778 1030 851 Romani,

145 873 184 929 ab
204 874 296 949 ntirpe
315 872 438 945 interiit,
467 878 573 931 cuncta
599 873 692 929 maria
713 879 856 952 terroeque
880 874 1030 950 patebant,

145 969 247 1025 eaevire
261 967 400 1040 Fortuna,
412 987 446 1026 ac
458 969 579 1025 miscere
592 968 699 1040 omnia,
713 968 807 1043 ooepit
837 967 896 1037 Qui
908 968 1029 1043 laborer,

144 1065 284 1139 pericula,
305 1064 408 1122 dubiae
423 1070 512 1141 atque
530 1083 644 1140 asperae
661 1084 709 1122 ree
728 1064 813 1122 facile
825 1065 1029 1137 toleraverant,

144 1159 184 1218 iie
202 1161 306 1233 otium,
331 1161 451 1234 divitia,
482 1161 616 1237 optandae
641 1161 716 1233 aliie,
743 1161 826 1220 oneri
850 1162 1031 1239 miserimque

144 1255 233 1316 fuere.
276 1256 374 1334 Igitur
392 1257 487 1333 primo
507 1246 645 1333 pecunire,
666 1256 772 1316 deinde
790 1257 906 1334 imperii
924 1259 1030 1336 cupido

144 1353 258 1427 crerit3
287 1371 323 1410 ea
349 1355 434 1430 quasi
460 1354 596 1413 materies
618 1354 755 1412 omnium
777 1354 920 1413 mulorum
938 1357 1027 1419 fuere

144 1448 283 1526 Namque
302 1451 428 1508 avaritia
445 1450 541 1523 fidem,
566 1450 751 1527 probitatem,
770 1456 936 1526 ceteraeque
952 1458 1029 1513 artes

144 1545 236 1602 bonae
245 1544 409 1618 subvertit,
429 1564 481 1621 pro
491 1546 545 1618 hie,
555 1545 728 1622 superbiam,
741 1545 952 1620 crudelitatem,
961 1546 1029 1605 dece

143 1641 297 1717 negligere,
312 1641 410 1698 omnia
421 1642 537 1700 venalia
549 1641 663 1716 habere,
674 1642 789 1700 edocuit
798 1661 808 1716 3
822 1643 943 1701 ambitio
956 1644 1029 1704 mul.

145 1744 190 1796 tos
203 1738 340 1795 mortales
353 1737 439 1796 selene
452 1738 515 1795 fieri
529 1737 663 1812 mbegit3
683 1735 764 1794 aliud
777 1736 907 1797 clausum
919 1738 952 1795 in
964 1757 1029 1815 pce

138 1835 221 1905 tore,
247 1832 330 1890 uliud
356 1832 389 1890 in
412 1832 516 1907 lingua
543 1836 712 1908 promptum
731 1829 855 1906 habere5
886 1833 1028 1895 amicitiae

143 1927 370 2004 inimicitiasque
387 1946 446 1984 non
460 1945 552 1999 exre,
567 1926 617 1985 sed
635 1945 674 1985 ex
690 1926 849 1999 commodo,
867 1929 1029 2009 oeetimereq

136 2022 291 2099 magisque
304 2021 421 2081 vultum
434 2040 523 2098 quam
531 2022 681 2098 ingenium
691 2021 800 2080 bonum
807 2021 921 2082 habere.
954 2024 1028 2084 Haec

143 2122 239 2196 primo
246 2120 401 2197 paullatim
408 2139 543 2192 crescere,
553 2121 702 2179 interdum
710 2120 853 2183 uindicari
864 2142 872 2181 t
892 2128 965 2199 pont,
976 2124 1028 2185 ubl

143 2216 287 2292 contagio,
300 2216 384 2292 quani
401 2215 578 2292 pestilentia,
596 2217 714 2287 invasit,
731 2217 836 2275 civitas
852 2218 1008 2279 immutata
1016 2241 1026 2293 ;

142 2312 308 2389 imperium,
330 2330 369 2370 ex
380 2310 544 2388 justissimo
560 2317 650 2388 atque
663 2311 782 2388 optimo,
796 2312 913 2373 crudele
925 2312 1028 2373 intole·

13 2454 15 2459 ,
141 2406 325 2485 nondumque
336 2409 455 2469 notum

201 2503 262 2565 XL
304 2504 362 2563 Sed
371 2506 467 2582 primo
475 2504 569 2581 magis
577 2503 707 2576 ambitio,
718 2522 805 2580 quam
819 2503 951 2578 avaritia,
964 2506 1026 2563 ani·

142 2618 206 2658 mou
221 2601 374 2660 hominum
390 2601 564 2660 exercebat:
584 2600 664 2676 quod
676 2606 777 2659 temen
788 2600 895 2658 vitium
908 2603 1027 2678 propius

141 2697 284 2755 virtutem
309 2706 381 2758 erat.
429 2696 511 2755 Num
529 2696 660 2772 gloriam,
686 2696 834 2768 honorem,
861 2697 1023 2774 imperium,

142 2793 244 2864 bonrm,
257 2793 390 2868 ignavus,
411 2811 495 2869 reque
510 2791 567 2850 sibi
582 2798 741 2868 exoptant:
761 2792 813 2850 sed
827 2793 878 2853 ille
895 2811 965 2851 vera
977 2794 1026 2852 via

15 2945 18 2949 .
142 2887 269 2960 nititur3
282 2888 352 2947 huic
363 2889 434 2965 quia
446 2890 528 2949 bonae
541 2893 620 2947 antee
632 2887 746 2961 derunt,
756 2887 830 2946 dolie
842 2895 931 2965 atque
943 2887 1025 2949 sella

141 2984 195 3042 ciis
208 2985 365 3044 contendit
399 2984 539 3047 Avaritia
547 2984 677 3062 pecuniae
689 2984 820 3045 studium
830 2984 925 3057 babet,
937 3003 1025 3060 quem

141 3098 227 3138 nemo
239 3082 353 3155 rapiens
366 3082 552 3157 concupivit:
573 3100 615 3153 ea,
637 3081 720 3155 quasi
734 3082 855 3139 venenis
872 3080 957 3138 malie
971 3081 1026 3141 im·

141 3180 222 3252 buta,
249 3196 353 3254 ccrpue
373 3178 563 3253 animumque
583 3175 700 3237 virilem
720 3176 886 3236 effeminat:
912 3194 1025 3254 semper

141 3273 267 3345 infinita,
296 3271 471 3333 insatiabilis
494 3278 546 3344 eet,
568 3290 664 3347 neque
687 3272 778 3347 copie,
800 3289 896 3346 neque
914 3272 1021 3347 inopia,

141 3370 294 3429 minuitur.
335 3368 401 3442 Sed,
429 3374 584 3448 postquam
614 3370 656 3440 L„
677 3368 766 3440 Sulla,
794 3367 882 3425 armis
907 3375 1023 3445 recepta
