2426 3786
354 263 578 327 SALLUSTII
603 265 809 327 caram.
982 267 1032 329 11*

140 414 325 474 consulatum
347 413 461 493 patenti
482 435 588 493 magna
613 434 698 493 spese
724 422 843 476 senatus
861 415 937 476 nihil
956 437 1025 479 usuc

139 510 287 571 intentus:
307 517 381 570 tnta
394 513 616 590 tranquilleque
627 532 674 571 res
688 532 806 587 omnm,
826 514 877 575 sed
893 533 929 573 es
944 533 1024 591 pror-

106 644 109 650 *
139 625 189 666 sus
201 614 367 685 opportuna
380 607 522 667 catssmae.

198 704 309 783 XVII
352 705 450 782 Igitur
467 706 587 764 circiter
604 704 755 765 Kalendas
772 706 888 778 Iunias,
909 706 945 764 L.
960 700 1029 765 (lm-⁴

139 819 204 859 sare
216 807 248 859 et
261 801 295 860 O.
305 801 411 879 Figulo
424 801 597 876 consulibus,
612 803 707 879 primo
720 803 849 881 singulm
861 802 1022 880 udpellme3

138 895 251 954 hortari
277 896 357 969 alios,
382 898 457 956 alios
475 904 612 972 tentore3
646 918 715 975 opes
742 919 818 972 suas,
846 900 1022 975 imparatam

138 992 600 1071 rempublicsm,mcgnapraemic
608 995 817 1071 conjurationis
827 994 936 1056 docere.
958 994 1033 1054 Ubi.

138 1087 211 1145 satis
223 1088 375 1164 explorata
386 1095 465 1162 sunt,
485 1109 551 1167 qum
563 1091 667 1164 voluit,
681 1091 714 1147 in
726 1110 820 1148 uuum
839 1110 939 1149 omnes
954 1109 1022 1149 con·

138 1189 230 1257 vocat,
236 1184 344 1261 quibus
352 1186 481 1244 maxima
490 1185 672 1244 necessitudo
679 1192 711 1243 et
723 1186 884 1262 plurimum
893 1186 1020 1244 audaciis

138 1279 241 1339 inerat
281 1280 328 1339 Ito
346 1300 514 1354 convenere,
534 1282 672 1340 senatorii
691 1282 809 1354 ordinis,
830 1283 865 1341 P.
879 1282 1022 1341 Lentulus

138 1372 222 1446 Simu,
244 1373 278 1433 P.
293 1374 470 1447 Autronius,
492 1377 525 1434 1.
548 1377 665 1434 Cassius
685 1376 843 1453 Longinus,
865 1375 896 1435 0.
919 1376 1021 1435 (lethe-

137 1491 199 1548 gus,
214 1471 247 1529 Ρ.
262 1478 294 1530 et
306 1472 426 1530 Servius
446 1473 543 1545 Sullae,
561 1475 658 1532 Servii
676 1475 740 1547 filii,
761 1474 797 1534 L.
811 1472 1031 1549 Vmgunteius,

138 1569 173 1638 Q.
187 1568 317 1642 Annius,
338 1568 380 1626 M.
401 1568 521 1627 Porcius
540 1570 633 1644 Isscs,
652 1570 816 1653 Q
839 1569 873 1644 Q.
896 1568 1031 1628 Curiusz·

135 1670 276 1740 preterea
303 1683 341 1722 cx
367 1666 495 1741 equestri
521 1667 630 1738 ordiue,
658 1665 701 1722 Μ.
732 1665 855 1723 Fulvius
875 1663 1019 1738 Nobilior,

137 1759 175 1816 L.
191 1759 334 1832 Statilius,
349 1759 383 1817 P.
399 1760 543 1819 Gabinius
556 1760 668 1837 Capito,
684 1761 714 1819 0.
731 1760 897 1819 Cornelius:
916 1761 954 1819 ad
966 1760 1031 1818 hoc*

136 1855 226 1913 multi
237 1875 276 1914 ex
289 1856 410 1914 coloniis
429 1864 460 1914 et
479 1857 749 1935 municipiisdomi
765 1856 883 1916 nobiles.
926 1857 1030 1915 Erant:

136 1959 276 2029 praeterea
301 1954 463 2031 complures
484 1953 584 2032 paullo
607 1953 748 2012 occultius
769 1953 882 2012 consilii
902 1954 1020 2030 hujusce

136 2049 292 2125 participes
304 2050 424 2121 nobiles,
439 2070 511 2127 quos
524 2051 617 2128 magis
629 2050 835 2109 dominationis
847 2068 912 2131 spcs
924 2050 1021 2107 horta-

137 2142 232 2214 batur,
254 2162 343 2219 quem
365 2144 473 2221 inopia,
497 2151 551 2202 aut
573 2147 631 2203 alia
650 2146 841 2207 necessitudo.
883 2146 1029 2204 Ceterum

131 2238 274 2314 juventus
286 2241 431 2317 pleraque,
453 2242 504 2300 sed
516 2243 644 2301 maxime
656 2244 808 2316 nobilium,
823 2242 956 2301 Catilium
975 2245 1020 2303 in·

135 2337 227 2412 ceptis
250 2337 375 2398 favebat.
427 2338 541 2407 Quibus
566 2340 599 2396 in
625 2342 686 2397 otio
711 2341 760 2398 vel
785 2340 944 2416 magnifice,
971 2344 1024 2401 vel

134 2433 265 2491 molliter
276 2435 376 2492 vivere
388 2436 471 2513 copis
487 2443 560 2511 crat,
580 2438 693 2495 incerta
710 2456 764 2514 pro
783 2438 878 2510 certis,
899 2439 1018 2514 bellum,

134 2547 225 2605 quem
244 2549 352 2607 pacem,
373 2532 529 2590 malebant.
578 2533 673 2591 Fuere
691 2534 764 2592 item
783 2552 818 2591 ca
837 2523 1045 2612 computares

134 2624 188 2700 qui
200 2625 351 2684 credemnt
364 2625 407 2685 M.
422 2627 570 2686 Licinium
584 2629 718 2687 Crassum
730 2648 791 2686 non
803 2628 938 2705 ignurmn
956 2632 1019 2708 ejus

135 2721 250 2779 consilii
262 2722 375 2797 fuisss3
395 2725 466 2800 quia
479 2725 532 2784 On.
548 2725 712 2801 Pompeius,
726 2725 839 2784 invisus
858 2728 922 2804 ipsi,
941 2747 1019 2804 mag·

133 2834 207 2872 num
221 2819 383 2876 exercitum
396 2819 542 2892 ductabat,
558 2822 686 2897 cujusvis
699 2841 766 2898 opes
779 2822 904 2880 voluisse
917 2829 1020 2881 contre

133 2910 215 2969 illius
241 2916 403 2989 potentiam
426 2934 572 2991 crescere,
599 2917 687 2975 simul
706 2918 854 2993 confisum,
875 2922 909 2978 si·
921 2920 1020 2995 conju·

133 3007 212 3065 natio
224 3010 372 3081 valuisset,
385 3011 471 3070 focile
482 3012 560 3089 apud
573 3014 640 3071 illos
651 3013 813 3092 principem
825 3035 856 3073 se
868 3017 937 3074 iore.

193 3103 322 3164 XVIII.
364 3106 422 3166 Sed
435 3115 523 3166 untes
535 3110 606 3167 item
621 3111 808 3185 conjuravere
819 3110 905 3187 pauci
917 3114 1024 3169 contre

133 3204 350 3280 rempublicam,
372 3207 405 3263 in
423 3207 530 3282 quibus
551 3206 679 3264 Catilina
697 3208 755 3265 fuit
764 3227 774 3280 ;
795 3207 831 3265 dc
850 3225 916 3282 qua,
930 3225 1021 3282 quam

133 3299 284 3358 verissime
303 3308 412 3377 potero,
431 3303 534 3362 dicam.
575 3302 609 3361 L
630 3303 723 3375 Pullo,
752 3302 795 3361 M.
816 3302 926 3379 Lepido
952 3322 1018 3361 con·

133 3395 254 3470 milibus,
283 3396 316 3455 P.
338 3397 504 3456 Autronius
530 3406 561 3456 et
587 3399 620 3456 P.
643 3398 732 3470 Sulla,
759 3398 872 3474 legibus
891 3399 1023 3466 ambitus,
