2426 3790
199 258 237 329 76
400 261 623 323 estruem
646 262 673 320 J
676 261 882 323 UGURTHA'.

198 425 303 491 tatum,
328 425 358 480 et
376 436 443 475 oum
460 417 506 474 his
519 417 712 477 velocissimos
730 417 850 493 pedites,
865 434 951 474 eursu
965 418 1089 477 tendere

197 516 235 572 ad
262 515 392 591 (lapsam,
417 519 448 571 et
473 520 571 588 portas
598 514 737 584 obsidere,
763 514 867 589 jubet:
896 514 1000 571 deinde
1022 516 1088 590 ipse

133 593 138 602 ⁴
197 612 330 668 intentus
347 627 467 686 propere
483 609 573 683 sequi,
594 627 689 684 neque
708 609 816 666 milites
835 608 958 684 praedan'
978 609 1085 667 sinere.

198 708 270 776 Qua
290 712 443 783 postquam
459 705 598 780 oppidani
615 723 792 781 cognovere:
813 723 859 762 rea
877 705 1006 780 trepida,
1026 722 1087 762 mes

88 790 106 865 ‚¹
196 811 245 862 tna
265 803 376 879 ingens,
400 801 510 858 malum
533 801 731 877 improvisum,
752 801 790 858 ad
810 800 865 858 hoo
884 820 950 876 pars
973 800 1086 858 civium

196 907 280 958 extra
292 899 399 956 moenia
412 899 445 955 in
457 899 585 956 hostium
598 902 750 973 potestate,
765 903 889 973 abegere,
904 899 950 954 uti
963 898 1086 956 deditio-

195 1014 264 1053 nem
276 995 410 1052 facerent.
452 994 590 1053 Ceterum
602 994 740 1070 oppidum
754 994 922 1052 incensum:
943 993 1085 1059 Numidsa

194 1091 318 1167 puberes
343 1091 508 1148 interfecti:
535 1090 588 1146 alii
613 1108 713 1147 omnes
738 1108 848 1148 venum
874 1090 956 1148 dati:
984 1091 1086 1166 pmeda

195 1186 339 1243 militibus
352 1186 451 1244 divisa
491 1185 529 1242 Id
542 1186 661 1258 facinus,
676 1191 778 1243 eontra
786 1187 836 1261 jus
849 1186 926 1256 belli,
940 1205 1001 1243 non
1013 1205 1085 1243 ava·

194 1282 263 1339 ritia
280 1301 375 1358 neque
393 1282 499 1340 scelere
515 1283 640 1340 consulis
657 1282 830 1354 admissum3
850 1283 983 1358 sed‘quia
1000 1282 1084 1340 loona

193 1377 216 1435 J
216 1380 350 1453 ugmthae
360 1387 548 1455 opportunus,
558 1379 642 1435 nobie
651 1379 735 1436 aditu
745 1379 877 1450 difficilia,
888 1399 980 1455 genus
989 1379 1084 1436 homi-

193 1495 266 1533 num
293 1477 408 1545 mobile,
434 1476 566 1548 infidum,
590 1493 686 1551 neque
712 1476 851 1534 beneficio
879 1494 973 1553 neque
996 1482 1082 1534 metu

193 1572 358 1632 coercitum.

252 1668 355 1727 XOII.
397 1668 556 1746 Postquam
577 1674 693 1727 tautam
713 1688 776 1727 rem
796 1668 911 1728 Marius
933 1671 996 1729 aine
1015 1671 1081 1728 ullo

192 1784 312 1822 auorum
331 1767 512 1823 incommodo
530 1767 667 1842 patravit,
681 1786 804 1842 magnus
822 1773 853 1824 et
870 1768 965 1824 clarus
981 1772 1078 1837 antea,
1204 1824 1205 1849 ἦ

192 1862 285 1937 major
317 1868 347 1919 et
380 1863 484 1919 clarior
516 1862 618 1920 heberi
648 1864 741 1939 ooepit
785 1861 892 1919 Omnia
918 1879 978 1920 non
1004 1860 1080 1921 bene

191 1956 323 2015 consulta
346 1959 440 2031 modo,
460 1976 563 2016 verum
583 1960 672 2017 etiam
695 1978 765 2017 oasu
784 1959 860 2031 data,
882 1960 915 2016 in
935 1958 1079 2023 ,virtutem

191 2046 401 2111 trahebantur:
422 2053 538 2125 milites,
565 2054 695 2111 modesto
720 2054 843 2129 imperio
868 2054 964 2112 habiti
988 2054 1079 2113 simul

191 2156 221 2208 et
240 2150 406 2227 locupletes,
423 2151 459 2208 ad
480 2151 585 2208 ooelum
603 2151 698 2209 ferre:
719 2151 856 2210 Numidae
877 2151 969 2227 magis
988 2170 1079 2227 quam

191 2245 343 2303 mortalem
359 2246 479 2303 timere:
500 2252 645 2322 postremo
662 2264 769 2318 omnes,
784 2246 854 2303 socii
867 2252 955 2322 atque
967 2244 1075 2319 hostes,

190 2341 313 2413 eredere,
335 2340 380 2398 illi
406 2348 458 2398 aut
481 2348 609 2399 mentem
633 2342 763 2399 divinam
786 2360 855 2413 esse,
879 2349 932 2400 aut
954 2344 1076 2401 deorum

190 2444 267 2494 nutu
286 2442 391 2493 ounota
411 2437 554 2512 portendi.
597 2436 654 2494 Sed
673 2437 781 2509 consul,
802 2438 854 2495 ubi
877 2456 912 2494 ea
934 2455 981 2496 res
1001 2438 1076 2496 bene

190 2535 295 2606 evenit,
318 2535 356 2592 ad
375 2534 433 2592 alia
451 2535 557 2610 oppida
583 2536 694 2611 pergit:
722 2552 822 2611 pausa,
843 2535 1075 2611 repugnantibus

190 2629 336 2701 Numidis,
361 2631 456 2705 oepit;
484 2631 577 2706 plura,
602 2631 715 2688 deserta
741 2636 859 2706 propter
885 2630 1075 2706 Capsensium

103 2739 107 2744 ·
189 2726 327 2799 miseriae,
338 2725 400 2801 igni
413 2728 587 2803 oorrnmpit:
600 2727 683 2784 luotu
696 2733 784 2803 atque
797 2726 875 2785 esede
887 2727 986 2783 omnia
998 2744 1075 2784 oom-

189 2820 314 2897 plentur.
357 2821 499 2897 Denique,
521 2806 623 2879 multis
640 2823 710 2880 loeis
732 2823 852 2897 potitus,
874 2839 909 2878 ae
927 2821 1075 2898 plerisque

189 2917 319 2975 exereitu
348 2917 509 2988 incruento,
537 2918 574 2974 ad
605 2918 691 2976 aliam
717 2936 780 2975 rem
809 2919 985 2994 adgreditur,
1012 2937 1074 2976 non

188 3013 288 3071 eadem
301 3013 464 3089 asperitate,
478 3031 537 3089 qua
550 3013 746 3090 Capsensium,
757 3021 887 3072 ueterum
899 3014 978 3071 haud
990 3031 1073 3071 aeona

188 3107 341 3166 difficilem
383 3108 520 3184 Namque
538 3109 618 3166 haud
637 3109 723 3185 longe
741 3129 760 3166 a
778 3108 899 3167 flumine
919 3109 1070 3179 Mulucha,

188 3205 266 3280 quod
286 3204 442 3280 Jugurthae
463 3204 627 3282 Bocchique
645 3222 768 3280 regnum
784 3205 977 3280 disjungebat,
997 3211 1069 3275 erat,

187 3300 266 3357 inter
287 3309 411 3360 ceteram
434 3302 587 3379 planitiem
609 3321 693 3360 mons
714 3321 829 3375 saxeus,
849 3302 986 3360 mediosri
1009 3322 1070 3360 eas

187 3394 257 3451 tello
270 3396 339 3453 satis
351 3402 462 3473 patens,
475 3398 508 3455 in
520 3397 694 3456 immensum
707 3398 812 3470 editus,
823 3417 882 3456 uno
894 3403 1071 3475 perangimto
