2426 3790
338 249 560 310 SALIUSI'II
585 250 611 307 J
618 251 828 311 UGURI'HA.
998 253 1036 311 29

205 404 351 464 XXXII.
394 405 468 462 Haec
494 413 584 481 atque
601 407 881 483 aliahnjuscemodi
901 427 976 483 saepe
995 409 1038 464 di-

145 507 246 579 cendo,
267 504 427 561 Memmius
453 504 561 580 populo
588 506 753 580 persuadet,
775 506 822 562 uti
850 504 882 562 L.
912 505 1035 576 Cassius,

145 602 200 678 qui
218 609 284 658 tum
303 605 411 676 praetor
432 604 503 670 erat,
519 599 557 657 ad
570 598 752 676 Iugurtham
769 602 944 673 mitteretur,
958 619 1040 658 eum.

133 717 204 775 -qne
230 696 402 771 interposita
425 695 486 752 fide
511 696 636 771 publica,
665 695 791 753 Romam
817 697 952 757 duceret:
977 716 1036 772 quo

144 793 267 864 facilius,
286 792 396 849 indicio
415 793 500 867 regis,
523 790 624 848 Scauri
645 797 676 848 et
694 793 880 868 reliquorum,
895 812 968 869 quos
989 814 1037 870 pe-

145 891 239 948 cuniae
265 895 355 965 captae
382 889 572 960 arcessebant,
595 888 703 945 delicta
728 890 908 965 patefierent.
950 891 1032 951 Dum

144 987 207 1044 haec
220 987 322 1043 Romae
340 992 490 1061 geruntur,
505 984 557 1060 qui
576 985 609 1041 in
627 985 770 1042 Numidia
784 986 879 1043 relicti
895 1007 914 1044 a
934 986 1035 1044 Bestia

144 1084 287 1143 exercitui
313 1089 465 1160 proeerant,
493 1083 584 1140 secuti
617 1101 728 1139 morem
761 1083 944 1158 imperatoris
977 1084 1032 1155 sui,

144 1182 271 1260 piurima
284 1185 314 1237 et
331 1179 554 1254 flagitiosissima
571 1178 698 1235 facinora
715 1180 815 1236 fecem.
858 1179 953 1237 Fuere
972 1182 1032 1256 qui,

144 1297 216 1336 auro
243 1276 380 1351 corrupti,
410 1274 578 1350 elephantos
603 1274 759 1350 Jugurthae
786 1275 953 1333 traderent:
980 1278 1032 1334 alii

144 1375 283 1451 perfugas·
305 1372 452 1429 rendere:
480 1389 547 1446 pars
569 1390 607 1427 ex
626 1371 737 1447 pacatis
758 1371 870 1446 praedas
890 1373 1031 1448 agebant:

144 1476 228 1526 tanta
247 1470 293 1526 vis
313 1468 444 1525 avaritiae
463 1467 497 1523 in
516 1468 627 1524 animos
647 1487 755 1539 corum,
771 1468 864 1524 veluti
884 1469 973 1541 tabes,
987 1469 1030 1526 in·

143 1571 265 1622 vaserat.
307 1564 353 1620 At
371 1563 494 1633 Cassius,
508 1561 620 1638 perlata
636 1563 818 1637 rogationes
831 1562 862 1620 0.
879 1561 1030 1644 Memmio,

143 1676 177 1718 ac
190 1661 322 1738 perculsa
341 1661 422 1717 omni
440 1660 603 1727 nobilitate,
616 1659 654 1716 ad
673 1658 855 1735 Jugurshsm
875 1662 1031 1737 proficisci·

146 1767 217 1816 tur:
239 1760 267 1817 ei
280 1760 394 1828 timido,
408 1765 439 1817 et
453 1779 491 1818 ex
504 1759 681 1817 conscientia
696 1759 840 1817 diffidenti
857 1761 944 1819 rebus
961 1764 1030 1833 suis,

143 1859 307 1935 persuadet,
331 1859 494 1934 “quoniam
514 1877 545 1916 se
563 1858 671 1934 populo
691 1857 825 1915 Romano
845 1859 979 1930 dedisset,
993 1880 1030 1919 ne

143 1955 204 2011 vim
224 1972 312 2029 quam
325 1953 551 2010 misericordiam
567 1954 629 2028 ejus
645 1954 772 2029 experiri
793 1954 921 2012 mallet.'’
963 1956 1028 2013 Pri-

143 2051 236 2107 vatim
249 2056 389 2126 praeterea
401 2050 488 2107 fidem
508 2068 590 2106 suam
608 2051 778 2126 interponit,
793 2070 882 2126 quam
900 2052 950 2108 1111
970 2071 1030 2108 non

144 2148 273 2218 minoris,
288 2166 375 2222 quam
388 2146 542 2222 publicam,
558 2146 702 2204 ducebat:
722 2147 790 2204 talis
810 2166 845 2204 ca
858 2154 1032 2224 tempestate
1115 2175 1119 2183 ·

143 2245 222 2333 fama
235 2244 271 2300 de
285 2244 383 2301 Cassio
397 2250 467 2301 erat

203 2339 364 2399 XXXIII.
407 2340 504 2416 Igitur
518 2340 676 2416 Iugurtha,
692 2346 794 2397 contra
807 2341 894 2398 dacus
907 2341 1028 2418 regium,

144 2436 226 2495 cultu
252 2456 340 2512 quam
360 2436 487 2494 maxime
506 2437 673 2508 miserabili,
695 2456 763 2493 cum
785 2438 883 2495 Osssio
904 2439 1029 2496 Romam

143 2533 245 2590 venit:
266 2551 306 2606 ac,
322 2533 439 2590 tametsi
451 2533 484 2588 in
499 2533 562 2608 ipso
579 2552 685 2608 magna
698 2533 743 2590 vis
763 2534 854 2590 animi
875 2541 1030 2606 1111111-
1123 2581 1125 2583 .

146 2630 279 2686 firmatus
304 2628 341 2684 ab
367 2628 509 2699 omnibns,
531 2646 656 2704 quorum
680 2629 812 2703 potentia
838 2634 891 2686 aut
924 2631 1030 2688 scelere

143 2729 250 2781 cuncta
272 2742 307 2780 ea
327 2729 460 2799 gesserat,
485 2743 549 2799 quae
571 2742 658 2798 supra
683 2723 819 2795 diximus,
841 2724 873 2784 (1.
897 2725 1031 2782 Baebium

142 2820 297 2877 tribunum
321 2819 413 2895 plebis
436 2839 543 2894 magna
567 2819 699 2877 mercede
722 2826 813 2893 parat,
836 2821 919 2896 cujus
938 2821 1031 2896 impu-

143 2916 243 2973 dentia
257 2922 358 2973 contra
368 2915 417 2991 jus
431 2921 461 2972 11
474 2915 598 2990 injurias
611 2933 712 2972 omnes
721 2917 854 2972 munitus
867 2917 950 2973 foret.
984 2916 1032 2972 At

144 3013 175 3071 O.
207 3012 374 3083 Memmius,
402 3011 543 3068 advocata
577 3011 722 3082 concione,
751 3010 941 3088 (quamquam
968 3012 1031 3086 regi

144 3109 250 3166 infesta
269 3107 368 3184 plebes
389 3113 460 3178 erat,
484 3113 519 3165 et·
534 3125 601 3183 pars
620 3107 653 3163 in
674 3107 793 3164 11111111
814 3106 882 3164 duci
895 3107 1029 3180 jubebat,

143 3204 274 3281 paraui
296 3205 386 3262 socios
409 3205 523 3262 sceleris
550 3205 595 3262 111
615 3205 751 3280 aperiret,
771 3223 851 3261 more
877 3203 1030 3279 majorum,

144 3302 182 3359 de
196 3302 280 3359 hoste
295 3301 471 3377 supplicium
488 3299 584 3378 sumi)
598 3300 744 3376 dignitati
760 3318 848 3375 quam
863 3299 924 3370 irse,
939 3300 1032 3375 magis

145 3399 305 3479 consulens,
330 3399 430 3458 sedare
455 3405 560 3474 motus,
589 3403 620 3457 et
642 3398 754 3456 animos
781 3415 881 3455 eorum
906 3396 1031 3471 mollire,
