2426 3786
159 261 196 318 36
374 254 595 314 SALLUSTII
613 250 820 313 cartalam

159 412 209 470 ubi
224 410 378 488 imperium
398 409 435 465 ad
452 408 576 484 ignaros,
597 405 766 464 autminus
784 405 876 462 bonos
895 398 1038 479 pervenit,

158 525 267 565 novum
279 504 354 562 illud
368 502 534 580 exemplum
551 500 588 557 ab
606 499 702 575 dignis
717 505 748 557 et
767 498 880 556 idoneis
894 497 932 554 ad
948 497 1040 573 indig-

159 607 252 659 nonet
263 599 447 657 nonidoneos
457 596 639 654 transfertur.
682 592 901 664 Iaeedaemonii‚
918 592 1040 650 devietis

160 694 395 765 Atheniensibus,
416 691 540 768 triginta
551 691 631 747 viros
647 690 817 765 imposuere,
837 688 890 763 qui
906 687 1041 762 rempub·

160 793 245 849 lieanr
261 807 362 847 eorum
376 791 545 844 tractarent.
586 784 632 842 Hi
651 785 745 861 primo
760 801 871 859 eoepere
883 783 1040 859 peoeimum

160 903 304 964 quemque
316 889 347 941 et
360 882 494 940 amnibus
506 881 635 939 inrisum
649 881 852 938 indemnatum
863 898 985 937 nemra:
1005 898 1041 937 ea

160 981 283 1058 populus
302 979 396 1036 laetari
415 984 446 1036 et
462 979 565 1036 merito
580 978 675 1036 dicere
687 977 759 1035 fieri.
800 976 881 1048 Post,
895 976 948 1034 ubi
959 977 1041 1052 paul*

161 1078 244 1136 latim
261 1076 380 1134 lieentia
398 1074 498 1146 erevit,
511 1074 600 1150 juxta
616 1074 706 1131 bonos
721 1079 753 1131 et
768 1072 860 1130 malos
877 1073 1041 1130 lubidinose

162 1172 329 1243 interfluere,
344 1175 453 1228 eeteros
465 1176 547 1227 metu
559 1176 674 1228 terrere
713 1170 764 1228 Ita
773 1169 883 1242 civitas,
899 1168 1041 1225 servitute

161 1285 302 1344 oppressa,
316 1266 414 1324 stultae
433 1266 543 1323 laetitiae
562 1285 663 1342 graves
680 1284 781 1342 peenas
800 1265 889 1323 dedit.
931 1264 1041 1322 Nostra

162 1362 307 1434 memoria,
320 1362 415 1420 vietor
428 1360 510 1417 Sulla
522 1380 589 1418 eum
603 1360 851 1438 Damasippumet
863 1359 936 1418 alies
944 1359 1042 1435 hujus·

161 1459 249 1531 madi,
269 1458 322 1533 qui
337 1457 415 1514 malo
434 1456 599 1531 reipublicae
620 1463 779 1529 creverant,
798 1457 929 1534 Jugulari
943 1456 1040 1533 jussit,

162 1555 228 1631 qnia
239 1571 300 1611 nen
311 1552 422 1609 fartum
434 1550 497 1626 ejus
509 1551 667 1610 laudabat'l
686 1552 818 1610 homines
833 1551 973 1624 scelestos,
987 1553 1043 1610 fae-

161 1655 258 1725 tiosoa
288 1653 341 1729 qui
370 1650 560 1709 seditionibus
587 1652 795 1727 rempublicam
814 1655 1041 1730 exagitaverant,

162 1751 267 1808 merito
285 1753 402 1805 neeatoa
421 1747 545 1805 aiebant
596 1745 654 1804 Sed
673 1765 708 1804 ea
727 1767 773 1805 res
792 1768 904 1825 magnae
925 1750 1044 1808 initium

163 1845 251 1903 eladis
277 1844 343 1902 fnit
384 1841 472 1913 Nam,
493 1842 539 1900 uti
558 1841 681 1918 quisque
699 1843 827 1914 domum,
854 1849 907 1902 ant
932 1845 1041 1918 villam,

162 1951 308 2024 postremo
327 1947 380 1999 aut
392 1960 454 2012 vas,
471 1946 525 1997 aut
541 1940 751 1998 vestimentum
771 1941 894 2017 alicujus
911 1944 1045 2020 eoncupi-

163 2051 254 2117 verat‚
275 2043 364 2101 dabat
391 2057 515 2115 operam,
544 2040 591 2096 uti
618 2040 651 2097 in
680 2041 905 2116 prescriptorum
924 2058 1045 2099 numere

164 2147 245 2200 esset.
280 2140 337 2209 Ita,
352 2137 456 2213 quibus
470 2134 640 2211 Damasippi
652 2154 731 2192 mors
742 2136 851 2193 laetitiae
861 2136 965 2208 luerat,
979 2142 1045 2213 post

164 2238 262 2315 paullo
281 2234 339 2311 ipsi
353 2232 564 2290 trahebantur:
592 2251 688 2308 neque
706 2232 788 2307 prius
807 2232 874 2289 finis
889 2233 1046 2309 jugulandi

164 2332 230 2402 fuit,
245 2349 334 2406 quam
347 2327 429 2384 Sulla
441 2344 540 2384 omnes
556 2345 622 2384 euos
640 2326 752 2384 divitiis
764 2327 901 2403 explevit.
944 2328 1046 2405 Atque

165 2446 218 2503 ego
237 2426 298 2483 haee
325 2443 386 2498 non
412 2423 446 2480 in
469 2418 512 2481 Μ.
534 2423 639 2493 Tullio,
666 2441 762 2498 neque
787 2421 833 2479 his
856 2424 1044 2498 temporibus,

165 2540 286 2579 vereor:
306 2519 355 2577 aed
372 2520 405 2576 in
424 2538 528 2596 magna
546 2518 665 2575 civitate
682 2517 776 2574 multa
793 2523 824 2575 et
836 2518 918 2575 varia
929 2519 1047 2594 ingenia

167 2622 244 2681 sunt
286 2614 395 2695 lJotest,
410 2616 468 2672 alio
481 2621 619 2689 tempore,
634 2614 692 2671 alie
705 2613 828 2685 consule,
848 2616 897 2671 eui
913 2616 986 2673 item
999 2634 1048 2672 ex-

168 2712 274 2770 ereitus
286 2709 319 2767 in
331 2728 419 2766 manu
433 2710 480 2781 sit,
494 2710 599 2767 falsum
612 2708 723 2785 aliquid
736 2729 789 2785 pro
801 2728 870 2768 vere
883 2711 961 2768 eredi
967 2728 976 2783 3
996 2711 1048 2768 ubi

167 2807 222 2865 hoe
250 2805 392 2881 exemplo,
420 2825 473 2882 per
501 2806 595 2863 senati
622 2806 779 2879 decretum,
800 2807 901 2866 consul
918 2807 1048 2883 gladium

168 2901 310 2971 eduxerit,
339 2902 404 2977 quis
425 2900 513 2958 finem
534 2907 652 2969 statuet,
672 2907 726 2957 aut
744 2901 810 2976 quis
829 2903 1047 2961 moderabiturl

168 2995 294 3070 Majores
306 2994 408 3065 nostri,
423 2994 525 3052 Patres
535 2994 698 3070 eonseripti,
712 3012 807 3070 neque
820 2995 941 3068 consilii,
955 3016 1050 3075 neque

168 3091 295 3148 audaciae
308 3109 437 3166 unquam
447 3108 564 3166 aguero:
581 3107 676 3167 neque
688 3090 747 3148 illis
759 3090 894 3165 superbia
906 3091 1047 3163 obstabat,

170 3203 227 3260 quo
239 3185 337 3243 minus
349 3185 445 3243 aliena
457 3183 603 3257 instituta,
614 3185 641 3242 ei
652 3185 737 3242 modo
746 3184 837 3262 proba
849 3190 941 3258 erant,
953 3186 1048 3242 imite-

170 3283 280 3337 rentur.
320 3279 416 3337 Arma
442 3285 531 3356 atque
557 3280 618 3339 tela
643 3280 784 3338 militaria
802 3282 840 3338 ab
859 3280 1047 3353 Samnitibus,

171 3373 295 3450 insignia
306 3376 530 3452 magistratuum
541 3376 580 3435 ab
586 3374 692 3447 ‘Tuscis
713 3375 850 3453 pleraque
864 3378 1047 3434 sumserunt:
