<?xml version="1.0" encoding="UTF-8"?>
<!DOCTYPE html PUBLIC "-//W3C//DTD XHTML 1.0 Transitional//EN"
    "http://www.w3.org/TR/xhtml1/DTD/xhtml1-transitional.dtd">
<html xmlns="http://www.w3.org/1999/xhtml" xml:lang="en" lang="en">
 <head>
  <title>
</title>
<meta http-equiv="Content-Type" content="text/html;charset=utf-8" />
  <meta name='ocr-system' content='tesseract 3.04.00' />
  <meta name='ocr-capabilities' content='ocr_page ocr_carea ocr_par ocr_line ocrx_word'/>
</head>
<body>
  <div class='ocr_page' id='page_1' title='image "./caiisallustiicr00merigoog_0181.png"; bbox 0 0 2426 3790; ppageno 0'>
   <div class='ocr_carea' id='block_1_1' title="bbox 207 229 885 306">
    <p class='ocr_par' dir='ltr' id='par_1_1' title="bbox 207 229 885 306">
     <span class='ocr_line' id='line_1_1' title="bbox 207 229 885 306; baseline 0 -1"><span class='ocrx_word' id='word_1_1' title='bbox 207 247 245 306; x_wconf 77' lang='lat' dir='ltr'><strong>aa</strong></span> <span class='ocrx_word' id='word_1_2' title='bbox 404 229 622 304; x_wconf 68' lang='lat' dir='ltr'><strong>sariram</strong></span> <span class='ocrx_word' id='word_1_3' title='bbox 646 244 885 306; x_wconf 69' lang='lat' dir='ltr'><strong>Joornrnu.</strong></span> 
     </span>
    </p>
   </div>
   <div class='ocr_carea' id='block_1_2' title="bbox 201 399 1090 760">
    <p class='ocr_par' dir='ltr' id='par_1_2' title="bbox 201 399 1090 760">
     <span class='ocr_line' id='line_1_2' title="bbox 203 399 1089 478; baseline 0.003 -20"><span class='ocrx_word' id='word_1_4' title='bbox 203 401 236 458; x_wconf 87' lang='lat' dir='ltr'><strong>in</strong></span> <span class='ocrx_word' id='word_1_5' title='bbox 254 399 389 458; x_wconf 83' lang='lat' dir='ltr'><strong>Africam</strong></span> <span class='ocrx_word' id='word_1_6' title='bbox 407 400 532 475; x_wconf 85' lang='lat' dir='ltr'><strong>majores</strong></span> <span class='ocrx_word' id='word_1_7' title='bbox 551 405 634 471; x_wconf 91' lang='lat' dir='ltr'><strong>natu,</strong></span> <span class='ocrx_word' id='word_1_8' title='bbox 654 402 774 470; x_wconf 82' lang='lat' dir='ltr'><strong>nobiles,</strong></span> <span class='ocrx_word' id='word_1_9' title='bbox 794 402 899 478; x_wconf 87' lang='lat' dir='ltr'><strong>amplis</strong></span> <span class='ocrx_word' id='word_1_10' title='bbox 915 401 1073 461; x_wconf 86' lang='lat' dir='ltr'><strong>honoribus</strong></span> <span class='ocrx_word' id='word_1_11' title='bbox 1078 421 1089 477; x_wconf 82' lang='lat'>3</span> 
     </span>
     <span class='ocr_line' id='line_1_3' title="bbox 203 495 1090 574; baseline 0.008 -22"><span class='ocrx_word' id='word_1_12' title='bbox 203 497 237 553; x_wconf 92' lang='lat' dir='ltr'><strong>in</strong></span> <span class='ocrx_word' id='word_1_13' title='bbox 251 496 333 573; x_wconf 87' lang='lat' dir='ltr'><strong>queis</strong></span> <span class='ocrx_word' id='word_1_14' title='bbox 347 495 390 553; x_wconf 91' lang='lat' dir='ltr'><strong>M.</strong></span> <span class='ocrx_word' id='word_1_15' title='bbox 406 495 538 568; x_wconf 81' lang='lat' dir='ltr'>Scaurus,</span> <span class='ocrx_word' id='word_1_16' title='bbox 555 497 591 554; x_wconf 90' lang='lat' dir='ltr'><strong>de</strong></span> <span class='ocrx_word' id='word_1_17' title='bbox 604 515 663 573; x_wconf 91' lang='lat' dir='ltr'><strong>quo</strong></span> <span class='ocrx_word' id='word_1_18' title='bbox 676 517 764 574; x_wconf 87' lang='lat' dir='ltr'><strong>supra</strong></span> <span class='ocrx_word' id='word_1_19' title='bbox 775 500 1008 571; x_wconf 79' lang='lat' dir='ltr'><strong>memoravimus,</strong></span> <span class='ocrx_word' id='word_1_20' title='bbox 1023 518 1090 559; x_wconf 89' lang='lat' dir='ltr'><strong>cou-</strong></span> 
     </span>
     <span class='ocr_line' id='line_1_4' title="bbox 203 591 1089 672; baseline 0.008 -24"><span class='ocrx_word' id='word_1_21' title='bbox 203 591 315 665; x_wconf 87' lang='lat' dir='ltr'><strong>sularis,</strong></span> <span class='ocrx_word' id='word_1_22' title='bbox 331 596 362 650; x_wconf 91' lang='lat' dir='ltr'><strong>et</strong></span> <span class='ocrx_word' id='word_1_23' title='bbox 375 596 446 649; x_wconf 89' lang='lat' dir='ltr'><strong>tuuc</strong></span> <span class='ocrx_word' id='word_1_24' title='bbox 466 593 499 648; x_wconf 92' lang='lat' dir='ltr'><strong>in</strong></span> <span class='ocrx_word' id='word_1_25' title='bbox 519 600 623 650; x_wconf 85' lang='lat' dir='ltr'><strong>senatu</strong></span> <span class='ocrx_word' id='word_1_26' title='bbox 641 594 784 671; x_wconf 86' lang='lat' dir='ltr'><strong>princeps.</strong></span> <span class='ocrx_word' id='word_1_27' title='bbox 825 594 879 667; x_wconf 91' lang='lat' dir='ltr'><strong>Hi,</strong></span> <span class='ocrx_word' id='word_1_28' title='bbox 901 597 979 672; x_wconf 91' lang='lat' dir='ltr'><strong>quod</strong></span> <span class='ocrx_word' id='word_1_29' title='bbox 995 598 1027 655; x_wconf 90' lang='lat' dir='ltr'><strong>in</strong></span> <span class='ocrx_word' id='word_1_30' title='bbox 1045 597 1089 656; x_wconf 91' lang='lat' dir='ltr'><strong>in·</strong></span> 
     </span>
     <span class='ocr_line' id='line_1_5' title="bbox 201 686 1087 760; baseline 0.009 -17"><span class='ocrx_word' id='word_1_31' title='bbox 201 688 281 746; x_wconf 80' lang='lat' dir='ltr'><strong>vidia</strong></span> <span class='ocrx_word' id='word_1_32' title='bbox 298 706 344 745; x_wconf 88' lang='lat' dir='ltr'><strong>res</strong></span> <span class='ocrx_word' id='word_1_33' title='bbox 363 693 433 760; x_wconf 88' lang='lat' dir='ltr'><strong>erat,</strong></span> <span class='ocrx_word' id='word_1_34' title='bbox 451 686 538 744; x_wconf 89' lang='lat' dir='ltr'><strong>simul</strong></span> <span class='ocrx_word' id='word_1_35' title='bbox 558 692 588 745; x_wconf 91' lang='lat' dir='ltr'><strong>et</strong></span> <span class='ocrx_word' id='word_1_36' title='bbox 604 689 642 744; x_wconf 87' lang='lat' dir='ltr'><strong>ab</strong></span> <span class='ocrx_word' id='word_1_37' title='bbox 658 689 798 747; x_wconf 86' lang='lat' dir='ltr'><strong>Numidis</strong></span> <span class='ocrx_word' id='word_1_38' title='bbox 814 691 964 760; x_wconf 82' lang='lat' dir='ltr'><strong>obsecrati,</strong></span> <span class='ocrx_word' id='word_1_39' title='bbox 984 693 1087 752; x_wconf 86' lang='lat' dir='ltr'><strong>triduo</strong></span> 
     </span>
    </p>
   </div>
   <div class='ocr_carea' id='block_1_3' title="bbox 201 783 1194 1046">
    <p class='ocr_par' dir='ltr' id='par_1_3' title="bbox 201 783 1194 1046">
     <span class='ocr_line' id='line_1_6' title="bbox 203 783 1194 873; baseline 0.009 -33"><span class='ocrx_word' id='word_1_40' title='bbox 203 784 303 840; x_wconf 86' lang='lat' dir='ltr'><strong>navim</strong></span> <span class='ocrx_word' id='word_1_41' title='bbox 316 783 483 842; x_wconf 86' lang='lat' dir='ltr'><strong>ascendere:</strong></span> <span class='ocrx_word' id='word_1_42' title='bbox 499 785 603 842; x_wconf 87' lang='lat' dir='ltr'><strong>deinde</strong></span> <span class='ocrx_word' id='word_1_43' title='bbox 612 785 695 842; x_wconf 85' lang='lat' dir='ltr'><strong>brevi</strong></span> <span class='ocrx_word' id='word_1_44' title='bbox 705 786 826 844; x_wconf 78' lang='lat' dir='ltr'><strong>Uticam</strong></span> <span class='ocrx_word' id='word_1_45' title='bbox 840 788 963 864; x_wconf 84' lang='lat' dir='ltr'><strong>adpulsi,</strong></span> <span class='ocrx_word' id='word_1_46' title='bbox 974 788 1088 849; x_wconf 85' lang='lat' dir='ltr'><strong>litterae</strong></span> <span class='ocrx_word' id='word_1_47' title='bbox 1193 806 1194 873; x_wconf 48' lang='grc' dir='ltr'>ξ</span> 
     </span>
     <span class='ocr_line' id='line_1_7' title="bbox 201 878 1194 955; baseline 0.01 -19"><span class='ocrx_word' id='word_1_48' title='bbox 201 878 432 955; x_wconf 84' lang='lat' dir='ltr'><strong>adJugurtham</strong></span> <span class='ocrx_word' id='word_1_49' title='bbox 445 879 578 946; x_wconf 85' lang='lat' dir='ltr'><strong>mittunt,</strong></span> <span class='ocrx_word' id='word_1_50' title='bbox 593 897 826 948; x_wconf 72' lang='lat' dir='ltr'><strong>ousnocrssmr</strong></span> <span class='ocrx_word' id='word_1_51' title='bbox 844 899 1113 947; x_wconf 64' lang='lat' dir='ltr'><strong>Anmovmorm‘</strong></span> <span class='ocrx_word' id='word_1_52' title='bbox 1193 878 1194 917; x_wconf 64' lang='lat'>¹</span> 
     </span>
     <span class='ocr_line' id='line_1_8' title="bbox 201 980 1194 1046; baseline 0.01 -15"><span class='ocrx_word' id='word_1_53' title='bbox 201 990 336 1032; x_wconf 70' lang='lat' dir='ltr'><strong>eocnnar</strong></span> <span class='ocrx_word' id='word_1_54' title='bbox 341 995 350 1046; x_wconf 82' lang='lat'><em>3</em></span> <span class='ocrx_word' id='word_1_55' title='bbox 372 991 466 1043; x_wconf 79' lang='lat' dir='ltr'><strong>snoun</strong></span> <span class='ocrx_word' id='word_1_56' title='bbox 481 991 524 1032; x_wconf 75' lang='lat' dir='ltr'><strong>An</strong></span> <span class='ocrx_word' id='word_1_57' title='bbox 544 992 609 1033; x_wconf 83' lang='lat' dir='ltr'><strong>nun</strong></span> <span class='ocrx_word' id='word_1_58' title='bbox 625 994 667 1033; x_wconf 76' lang='lat' dir='ltr'><strong>ar</strong></span> <span class='ocrx_word' id='word_1_59' title='bbox 678 994 794 1036; x_wconf 72' lang='lat' dir='ltr'><strong>snusru</strong></span> <span class='ocrx_word' id='word_1_60' title='bbox 811 996 921 1038; x_wconf 78' lang='lat' dir='ltr'><strong>mesos.</strong></span> <span class='ocrx_word' id='word_1_61' title='bbox 964 980 1022 1038; x_wconf 87' lang='lat' dir='ltr'><strong>Ille</strong></span> <span class='ocrx_word' id='word_1_62' title='bbox 1034 982 1087 1040; x_wconf 88' lang='lat' dir='ltr'><strong>ubi</strong></span> <span class='ocrx_word' id='word_1_63' title='bbox 1193 1000 1194 1007; x_wconf 54' lang='lat'>¹</span> 
     </span>
    </p>
   </div>
   <div class='ocr_carea' id='block_1_4' title="bbox 199 1070 1087 1250">
    <p class='ocr_par' dir='ltr' id='par_1_4' title="bbox 199 1070 1087 1250">
     <span class='ocr_line' id='line_1_9' title="bbox 199 1070 1086 1148; baseline 0.011 -23"><span class='ocrx_word' id='word_1_64' title='bbox 199 1071 318 1146; x_wconf 86' lang='lat' dir='ltr'><strong>accepit,</strong></span> <span class='ocrx_word' id='word_1_65' title='bbox 338 1070 471 1139; x_wconf 82' lang='lat' dir='ltr'><strong>homines</strong></span> <span class='ocrx_word' id='word_1_66' title='bbox 489 1072 587 1144; x_wconf 86' lang='lat' dir='ltr'><strong>claros,</strong></span> <span class='ocrx_word' id='word_1_67' title='bbox 609 1092 734 1148; x_wconf 89' lang='lat' dir='ltr'><strong>quorum</strong></span> <span class='ocrx_word' id='word_1_68' title='bbox 754 1076 959 1134; x_wconf 81' lang='lat' dir='ltr'><strong>auctoritatem</strong></span> <span class='ocrx_word' id='word_1_69' title='bbox 981 1077 1086 1135; x_wconf 76' lang='lat' dir='ltr'><strong>Romae</strong></span> 
     </span>
     <span class='ocr_line' id='line_1_10' title="bbox 200 1166 1087 1250; baseline 0.009 -26"><span class='ocrx_word' id='word_1_70' title='bbox 200 1166 308 1241; x_wconf 89' lang='lat' dir='ltr'><strong>pollere</strong></span> <span class='ocrx_word' id='word_1_71' title='bbox 321 1167 481 1240; x_wconf 83' lang='lat' dir='ltr'><strong>audiverat,</strong></span> <span class='ocrx_word' id='word_1_72' title='bbox 496 1176 598 1226; x_wconf 88' lang='lat' dir='ltr'><strong>contra</strong></span> <span class='ocrx_word' id='word_1_73' title='bbox 612 1171 762 1247; x_wconf 88' lang='lat' dir='ltr'><strong>inceptum</strong></span> <span class='ocrx_word' id='word_1_74' title='bbox 779 1191 865 1229; x_wconf 90' lang='lat' dir='ltr'><strong>suum</strong></span> <span class='ocrx_word' id='word_1_75' title='bbox 877 1173 1009 1246; x_wconf 81' lang='lat' dir='ltr'><strong>venisse3</strong></span> <span class='ocrx_word' id='word_1_76' title='bbox 1028 1175 1087 1250; x_wconf 89' lang='lat' dir='ltr'><strong>pri·</strong></span> 
     </span>
    </p>
   </div>
   <div class='ocr_carea' id='block_1_5' title="bbox 200 1267 1194 1345">
    <p class='ocr_par' dir='ltr' id='par_1_5' title="bbox 200 1267 1194 1345">
     <span class='ocr_line' id='line_1_11' title="bbox 200 1267 1194 1345; baseline 0.008 -26"><span class='ocrx_word' id='word_1_77' title='bbox 200 1282 248 1321; x_wconf 93' lang='lat' dir='ltr'><strong>mo</strong></span> <span class='ocrx_word' id='word_1_78' title='bbox 268 1270 435 1337; x_wconf 89' lang='lat' dir='ltr'><strong>commotus,</strong></span> <span class='ocrx_word' id='word_1_79' title='bbox 455 1272 536 1323; x_wconf 89' lang='lat' dir='ltr'><strong>metu</strong></span> <span class='ocrx_word' id='word_1_80' title='bbox 554 1273 642 1343; x_wconf 90' lang='lat' dir='ltr'><strong>atque</strong></span> <span class='ocrx_word' id='word_1_81' title='bbox 659 1267 790 1325; x_wconf 86' lang='lat' dir='ltr'><strong>lubidine</strong></span> <span class='ocrx_word' id='word_1_82' title='bbox 809 1268 940 1326; x_wconf 82' lang='lat' dir='ltr'><strong>diversus</strong></span> <span class='ocrx_word' id='word_1_83' title='bbox 958 1269 1086 1345; x_wconf 73' lang='lat' dir='ltr'><strong>agitabo·</strong></span> <span class='ocrx_word' id='word_1_84' title='bbox 1193 1308 1194 1317; x_wconf 26' lang='grc' dir='ltr'><strong>κ</strong></span> 
     </span>
    </p>
   </div>
   <div class='ocr_carea' id='block_1_6' title="bbox 126 1360 1085 3456">
    <p class='ocr_par' dir='ltr' id='par_1_6' title="bbox 126 1360 1085 2666">
     <span class='ocr_line' id='line_1_12' title="bbox 198 1360 1085 1441; baseline 0.007 -25"><span class='ocrx_word' id='word_1_85' title='bbox 198 1367 256 1419; x_wconf 88' lang='lat' dir='ltr'><strong>tur.</strong></span> <span class='ocrx_word' id='word_1_86' title='bbox 298 1360 433 1418; x_wconf 79' lang='lat' dir='ltr'><strong>Timebat</strong></span> <span class='ocrx_word' id='word_1_87' title='bbox 447 1362 521 1423; x_wconf 88' lang='lat' dir='ltr'><strong>iram</strong></span> <span class='ocrx_word' id='word_1_88' title='bbox 534 1365 635 1434; x_wconf 86' lang='lat' dir='ltr'><strong>senati,</strong></span> <span class='ocrx_word' id='word_1_89' title='bbox 650 1364 682 1420; x_wconf 86' lang='lat' dir='ltr'><strong>ni</strong></span> <span class='ocrx_word' id='word_1_90' title='bbox 698 1365 842 1440; x_wconf 86' lang='lat' dir='ltr'><strong>paruisset</strong></span> <span class='ocrx_word' id='word_1_91' title='bbox 858 1364 979 1440; x_wconf 80' lang='lat' dir='ltr'><strong>legatis:</strong></span> <span class='ocrx_word' id='word_1_92' title='bbox 997 1383 1085 1441; x_wconf 86' lang='lat' dir='ltr'><strong>porro</strong></span> 
     </span>
     <span class='ocr_line' id='line_1_13' title="bbox 199 1456 1082 1536; baseline 0.008 -23"><span class='ocrx_word' id='word_1_93' title='bbox 199 1456 314 1514; x_wconf 85' lang='lat' dir='ltr'><strong>animus</strong></span> <span class='ocrx_word' id='word_1_94' title='bbox 333 1457 468 1532; x_wconf 86' lang='lat' dir='ltr'><strong>cupidine</strong></span> <span class='ocrx_word' id='word_1_95' title='bbox 490 1477 580 1515; x_wconf 72' lang='lat' dir='ltr'><strong>cacus</strong></span> <span class='ocrx_word' id='word_1_96' title='bbox 600 1457 637 1514; x_wconf 84' lang='lat' dir='ltr'><strong>ad</strong></span> <span class='ocrx_word' id='word_1_97' title='bbox 658 1459 808 1536; x_wconf 88' lang='lat' dir='ltr'><strong>inceptum</strong></span> <span class='ocrx_word' id='word_1_98' title='bbox 831 1461 922 1518; x_wconf 87' lang='lat' dir='ltr'><strong>scelus</strong></span> <span class='ocrx_word' id='word_1_99' title='bbox 943 1461 1082 1536; x_wconf 78' lang='lat' dir='ltr'><strong>rapiebat.</strong></span> 
     </span>
     <span class='ocr_line' id='line_1_14' title="bbox 126 1550 1085 1632; baseline 0.006 -25"><span class='ocrx_word' id='word_1_100' title='bbox 126 1552 130 1555; x_wconf 85' lang='grc'><strong>’</strong></span> <span class='ocrx_word' id='word_1_101' title='bbox 197 1550 281 1610; x_wconf 88' lang='lat' dir='ltr'><strong>Vicit</strong></span> <span class='ocrx_word' id='word_1_102' title='bbox 293 1559 393 1609; x_wconf 81' lang='lat' dir='ltr'><strong>temen</strong></span> <span class='ocrx_word' id='word_1_103' title='bbox 406 1553 439 1610; x_wconf 91' lang='lat' dir='ltr'><strong>in</strong></span> <span class='ocrx_word' id='word_1_104' title='bbox 451 1554 537 1611; x_wconf 87' lang='lat' dir='ltr'><strong>avido</strong></span> <span class='ocrx_word' id='word_1_105' title='bbox 552 1554 670 1630; x_wconf 78' lang='lat' dir='ltr'><strong>ingenio</strong></span> <span class='ocrx_word' id='word_1_106' title='bbox 683 1573 806 1631; x_wconf 81' lang='lat' dir='ltr'><strong>pravum</strong></span> <span class='ocrx_word' id='word_1_107' title='bbox 823 1556 983 1617; x_wconf 89' lang='lat' dir='ltr'><strong>consilium.</strong></span> <span class='ocrx_word' id='word_1_108' title='bbox 1025 1556 1085 1632; x_wconf 80' lang='lat' dir='ltr'><strong>Igi-</strong></span> 
     </span>
     <span class='ocr_line' id='line_1_15' title="bbox 198 1648 1084 1727; baseline 0.005 -21"><span class='ocrx_word' id='word_1_109' title='bbox 198 1655 256 1720; x_wconf 86' lang='lat' dir='ltr'><strong>tur,</strong></span> <span class='ocrx_word' id='word_1_110' title='bbox 271 1649 402 1707; x_wconf 84' lang='lat' dir='ltr'><strong>exercitu</strong></span> <span class='ocrx_word' id='word_1_111' title='bbox 418 1648 603 1722; x_wconf 87' lang='lat' dir='ltr'><strong>circumdato,</strong></span> <span class='ocrx_word' id='word_1_112' title='bbox 621 1656 735 1707; x_wconf 81' lang='lat' dir='ltr'><strong>summa</strong></span> <span class='ocrx_word' id='word_1_113' title='bbox 749 1651 781 1708; x_wconf 82' lang='lat' dir='ltr'><strong>vi</strong></span> <span class='ocrx_word' id='word_1_114' title='bbox 794 1651 906 1709; x_wconf 74' lang='lat' dir='ltr'><strong>Oirtem</strong></span> <span class='ocrx_word' id='word_1_115' title='bbox 922 1653 1084 1727; x_wconf 76' lang='lat' dir='ltr'><strong>irrumpere</strong></span> 
     </span>
     <span class='ocr_line' id='line_1_16' title="bbox 197 1744 1083 1821; baseline 0.003 -21"><span class='ocrx_word' id='word_1_116' title='bbox 197 1744 311 1817; x_wconf 89' lang='lat' dir='ltr'><strong>nititur,</strong></span> <span class='ocrx_word' id='word_1_117' title='bbox 331 1745 458 1802; x_wconf 82' lang='lat' dir='ltr'><strong>maxime</strong></span> <span class='ocrx_word' id='word_1_118' title='bbox 477 1764 603 1821; x_wconf 86' lang='lat' dir='ltr'><strong>sperans,</strong></span> <span class='ocrx_word' id='word_1_119' title='bbox 625 1745 745 1802; x_wconf 85' lang='lat' dir='ltr'><strong>diducto</strong></span> <span class='ocrx_word' id='word_1_120' title='bbox 763 1765 852 1803; x_wconf 86' lang='lat' dir='ltr'><strong>manu</strong></span> <span class='ocrx_word' id='word_1_121' title='bbox 872 1746 1009 1818; x_wconf 86' lang='lat' dir='ltr'><strong>hostium,</strong></span> <span class='ocrx_word' id='word_1_122' title='bbox 1029 1753 1083 1803; x_wconf 87' lang='lat' dir='ltr'><strong>eut</strong></span> 
     </span>
     <span class='ocr_line' id='line_1_17' title="bbox 196 1839 1082 1914; baseline 0.007 -19"><span class='ocrx_word' id='word_1_123' title='bbox 196 1840 235 1910; x_wconf 81' lang='lat' dir='ltr'><strong>vi,</strong></span> <span class='ocrx_word' id='word_1_124' title='bbox 250 1846 304 1898; x_wconf 88' lang='lat' dir='ltr'><strong>aut</strong></span> <span class='ocrx_word' id='word_1_125' title='bbox 320 1840 402 1914; x_wconf 84' lang='lat' dir='ltr'><strong>dolis,</strong></span> <span class='ocrx_word' id='word_1_126' title='bbox 418 1860 479 1899; x_wconf 84' lang='lat' dir='ltr'><strong>sese</strong></span> <span class='ocrx_word' id='word_1_127' title='bbox 494 1860 592 1898; x_wconf 88' lang='lat' dir='ltr'><strong>casum</strong></span> <span class='ocrx_word' id='word_1_128' title='bbox 606 1839 738 1898; x_wconf 80' lang='lat' dir='ltr'><strong>victoriae</strong></span> <span class='ocrx_word' id='word_1_129' title='bbox 755 1842 952 1900; x_wconf 89' lang='lat' dir='ltr'><strong>inventurum.</strong></span> <span class='ocrx_word' id='word_1_130' title='bbox 995 1842 1082 1912; x_wconf 80' lang='lat' dir='ltr'><strong>Quod</strong></span> 
     </span>
     <span class='ocr_line' id='line_1_18' title="bbox 195 1935 1081 2014; baseline 0.003 -21"><span class='ocrx_word' id='word_1_131' title='bbox 195 1935 248 1992; x_wconf 88' lang='lat' dir='ltr'><strong>ubi</strong></span> <span class='ocrx_word' id='word_1_132' title='bbox 270 1955 351 1994; x_wconf 88' lang='lat' dir='ltr'><strong>secus</strong></span> <span class='ocrx_word' id='word_1_133' title='bbox 373 1937 511 2014; x_wconf 75' lang='lat' dir='ltr'><strong>procedit,</strong></span> <span class='ocrx_word' id='word_1_134' title='bbox 537 1956 638 2012; x_wconf 84' lang='lat' dir='ltr'><strong>neque,</strong></span> <span class='ocrx_word' id='word_1_135' title='bbox 666 1938 745 2013; x_wconf 90' lang='lat' dir='ltr'><strong>quod</strong></span> <span class='ocrx_word' id='word_1_136' title='bbox 770 1937 944 2009; x_wconf 87' lang='lat' dir='ltr'><strong>intenderet,</strong></span> <span class='ocrx_word' id='word_1_137' title='bbox 970 1939 1081 1996; x_wconf 88' lang='lat' dir='ltr'><strong>efficere</strong></span> 
     </span>
     <span class='ocr_line' id='line_1_19' title="bbox 152 2033 1082 2110; baseline 0.002 -20"><span class='ocrx_word' id='word_1_138' title='bbox 152 2064 156 2073; x_wconf 84' lang='lat'><strong>·</strong></span> <span class='ocrx_word' id='word_1_139' title='bbox 195 2038 297 2109; x_wconf 85' lang='lat' dir='ltr'><strong>potest,</strong></span> <span class='ocrx_word' id='word_1_140' title='bbox 313 2033 359 2091; x_wconf 83' lang='lat' dir='ltr'><strong>uti</strong></span> <span class='ocrx_word' id='word_1_141' title='bbox 376 2035 465 2110; x_wconf 86' lang='lat' dir='ltr'><strong>prius,</strong></span> <span class='ocrx_word' id='word_1_142' title='bbox 481 2052 568 2109; x_wconf 88' lang='lat' dir='ltr'><strong>quam</strong></span> <span class='ocrx_word' id='word_1_143' title='bbox 583 2034 694 2109; x_wconf 81' lang='lat' dir='ltr'><strong>legatos</strong></span> <span class='ocrx_word' id='word_1_144' title='bbox 710 2033 1082 2105; x_wconf 75' lang='lat' dir='ltr'><strong>conveniret&#39;Adherbeiis</strong></span> 
     </span>
     <span class='ocr_line' id='line_1_20' title="bbox 195 2120 1082 2205; baseline 0 -19"><span class='ocrx_word' id='word_1_145' title='bbox 195 2120 357 2205; x_wconf 77' lang='lat' dir='ltr'><strong>potiretur:</strong></span> <span class='ocrx_word' id='word_1_146' title='bbox 375 2148 412 2185; x_wconf 90' lang='lat' dir='ltr'><strong>ne</strong></span> <span class='ocrx_word' id='word_1_147' title='bbox 425 2128 550 2204; x_wconf 89' lang='lat' dir='ltr'><strong>amplius</strong></span> <span class='ocrx_word' id='word_1_148' title='bbox 563 2130 710 2200; x_wconf 87' lang='lat' dir='ltr'><strong>morando,</strong></span> <span class='ocrx_word' id='word_1_149' title='bbox 726 2129 875 2201; x_wconf 77' lang='lat' dir='ltr'><strong>Scaurum,</strong></span> <span class='ocrx_word' id='word_1_150' title='bbox 890 2148 978 2205; x_wconf 91' lang='lat' dir='ltr'><strong>quem</strong></span> <span class='ocrx_word' id='word_1_151' title='bbox 991 2129 1082 2205; x_wconf 88' lang='lat' dir='ltr'><strong>pluri·</strong></span> 
     </span>
     <span class='ocr_line' id='line_1_21' title="bbox 194 2225 1081 2302; baseline 0.001 -20"><span class='ocrx_word' id='word_1_152' title='bbox 194 2245 276 2282; x_wconf 90' lang='lat' dir='ltr'><strong>mum</strong></span> <span class='ocrx_word' id='word_1_153' title='bbox 296 2225 451 2297; x_wconf 74' lang='lat' dir='ltr'><strong>metuebat,</strong></span> <span class='ocrx_word' id='word_1_154' title='bbox 475 2226 652 2293; x_wconf 86' lang='lat' dir='ltr'><strong>incenderet,</strong></span> <span class='ocrx_word' id='word_1_155' title='bbox 672 2245 739 2284; x_wconf 87' lang='lat' dir='ltr'><strong>cum</strong></span> <span class='ocrx_word' id='word_1_156' title='bbox 762 2227 862 2302; x_wconf 79' lang='lat' dir='ltr'><strong>paucis</strong></span> <span class='ocrx_word' id='word_1_157' title='bbox 882 2226 1029 2302; x_wconf 89' lang='lat' dir='ltr'><strong>equitibus</strong></span> <span class='ocrx_word' id='word_1_158' title='bbox 1047 2227 1081 2283; x_wconf 90' lang='lat' dir='ltr'><strong>in</strong></span> 
     </span>
     <span class='ocr_line' id='line_1_22' title="bbox 193 2321 1079 2397; baseline 0.001 -19"><span class='ocrx_word' id='word_1_159' title='bbox 193 2322 373 2397; x_wconf 82' lang='lat' dir='ltr'><strong>provinciam</strong></span> <span class='ocrx_word' id='word_1_160' title='bbox 387 2322 477 2380; x_wconf 81' lang='lat' dir='ltr'><strong>venit.</strong></span> <span class='ocrx_word' id='word_1_161' title='bbox 518 2322 574 2394; x_wconf 81' lang='lat' dir='ltr'><strong>Ac,</strong></span> <span class='ocrx_word' id='word_1_162' title='bbox 590 2321 758 2379; x_wconf 80' lang='lat' dir='ltr'><strong>tamenetsi</strong></span> <span class='ocrx_word' id='word_1_163' title='bbox 773 2322 867 2379; x_wconf 84' lang='lat' dir='ltr'><strong>senati</strong></span> <span class='ocrx_word' id='word_1_164' title='bbox 880 2321 977 2378; x_wconf 85' lang='lat' dir='ltr'><strong>verbis</strong></span> <span class='ocrx_word' id='word_1_165' title='bbox 991 2321 1079 2379; x_wconf 78' lang='lat' dir='ltr'><strong>minas</strong></span> 
     </span>
     <span class='ocr_line' id='line_1_23' title="bbox 192 2416 1080 2493; baseline -0.002 -19"><span class='ocrx_word' id='word_1_166' title='bbox 192 2435 295 2492; x_wconf 86' lang='lat' dir='ltr'><strong>graves</strong></span> <span class='ocrx_word' id='word_1_167' title='bbox 317 2418 539 2489; x_wconf 87' lang='lat' dir='ltr'><strong>nunciabantur,</strong></span> <span class='ocrx_word' id='word_1_168' title='bbox 567 2418 646 2493; x_wconf 90' lang='lat' dir='ltr'><strong>quod</strong></span> <span class='ocrx_word' id='word_1_169' title='bbox 673 2416 888 2493; x_wconf 82' lang='lat' dir='ltr'><strong>oppugnatione</strong></span> <span class='ocrx_word' id='word_1_170' title='bbox 910 2434 970 2473; x_wconf 90' lang='lat' dir='ltr'><strong>non</strong></span> <span class='ocrx_word' id='word_1_171' title='bbox 993 2416 1080 2473; x_wconf 69' lang='lat' dir='ltr'><strong>desis</strong></span> 
     </span>
     <span class='ocr_line' id='line_1_24' title="bbox 192 2512 1080 2589; baseline 0.001 -20"><span class='ocrx_word' id='word_1_172' title='bbox 192 2519 275 2584; x_wconf 81' lang='lat' dir='ltr'><strong>teret,</strong></span> <span class='ocrx_word' id='word_1_173' title='bbox 295 2514 388 2570; x_wconf 83' lang='lat' dir='ltr'><strong>multa</strong></span> <span class='ocrx_word' id='word_1_174' title='bbox 408 2519 508 2571; x_wconf 88' lang='lat' dir='ltr'><strong>tamen</strong></span> <span class='ocrx_word' id='word_1_175' title='bbox 525 2514 656 2573; x_wconf 76' lang='lat' dir='ltr'><strong>oratione</strong></span> <span class='ocrx_word' id='word_1_176' title='bbox 675 2518 834 2585; x_wconf 82' lang='lat' dir='ltr'><strong>consumta,</strong></span> <span class='ocrx_word' id='word_1_177' title='bbox 859 2512 950 2589; x_wconf 78' lang='lat' dir='ltr'><strong>legati</strong></span> <span class='ocrx_word' id='word_1_178' title='bbox 969 2512 1080 2570; x_wconf 81' lang='lat' dir='ltr'><strong>frustra</strong></span> 
     </span>
     <span class='ocr_line' id='line_1_25' title="bbox 191 2607 354 2666; baseline 0.018 -3"><span class='ocrx_word' id='word_1_179' title='bbox 191 2607 354 2666; x_wconf 85' lang='lat' dir='ltr'><strong>discessere.</strong></span> 
     </span>
    </p>

    <p class='ocr_par' dir='ltr' id='par_1_7' title="bbox 190 2703 1079 3456">
     <span class='ocr_line' id='line_1_26' title="bbox 250 2703 1077 2782; baseline 0.002 -22"><span class='ocrx_word' id='word_1_180' title='bbox 250 2703 375 2763; x_wconf 88' lang='lat' dir='ltr'>XXVI.</span> <span class='ocrx_word' id='word_1_181' title='bbox 416 2703 461 2762; x_wconf 84' lang='lat' dir='ltr'><strong>Ea</strong></span> <span class='ocrx_word' id='word_1_182' title='bbox 478 2711 632 2782; x_wconf 87' lang='lat' dir='ltr'><strong>postquam</strong></span> <span class='ocrx_word' id='word_1_183' title='bbox 649 2705 737 2763; x_wconf 80' lang='lat' dir='ltr'><strong>Oirtae</strong></span> <span class='ocrx_word' id='word_1_184' title='bbox 755 2705 857 2763; x_wconf 84' lang='lat' dir='ltr'><strong>audite</strong></span> <span class='ocrx_word' id='word_1_185' title='bbox 874 2710 952 2776; x_wconf 87' lang='lat' dir='ltr'><strong>sunt,</strong></span> <span class='ocrx_word' id='word_1_186' title='bbox 969 2704 1077 2777; x_wconf 75' lang='lat' dir='ltr'><strong>Italici,</strong></span> 
     </span>
     <span class='ocr_line' id='line_1_27' title="bbox 191 2800 1079 2875; baseline 0.003 -19"><span class='ocrx_word' id='word_1_187' title='bbox 191 2819 315 2875; x_wconf 86' lang='lat' dir='ltr'><strong>quorum</strong></span> <span class='ocrx_word' id='word_1_188' title='bbox 337 2800 450 2857; x_wconf 87' lang='lat' dir='ltr'><strong>virtute</strong></span> <span class='ocrx_word' id='word_1_189' title='bbox 472 2802 579 2859; x_wconf 79' lang='lat' dir='ltr'><strong>moenia</strong></span> <span class='ocrx_word' id='word_1_190' title='bbox 602 2802 836 2872; x_wconf 81' lang='lat' dir='ltr'><strong>defensabantur,</strong></span> <span class='ocrx_word' id='word_1_191' title='bbox 864 2801 972 2872; x_wconf 85' lang='lat' dir='ltr'><strong>confisi,</strong></span> <span class='ocrx_word' id='word_1_192' title='bbox 999 2802 1079 2859; x_wconf 91' lang='lat' dir='ltr'><strong>dedi·</strong></span> 
     </span>
     <span class='ocr_line' id='line_1_28' title="bbox 190 2895 1079 2972; baseline 0.008 -22"><span class='ocrx_word' id='word_1_193' title='bbox 190 2895 270 2952; x_wconf 87' lang='lat' dir='ltr'><strong>tione</strong></span> <span class='ocrx_word' id='word_1_194' title='bbox 287 2895 370 2967; x_wconf 77' lang='lat' dir='ltr'><strong>facte,</strong></span> <span class='ocrx_word' id='word_1_195' title='bbox 386 2902 506 2971; x_wconf 86' lang='lat' dir='ltr'><strong>propter</strong></span> <span class='ocrx_word' id='word_1_196' title='bbox 522 2897 755 2972; x_wconf 79' lang='lat' dir='ltr'><strong>magnitudinem</strong></span> <span class='ocrx_word' id='word_1_197' title='bbox 772 2896 875 2972; x_wconf 89' lang='lat' dir='ltr'><strong>populi</strong></span> <span class='ocrx_word' id='word_1_198' title='bbox 890 2896 1018 2954; x_wconf 83' lang='lat' dir='ltr'><strong>Romani</strong></span> <span class='ocrx_word' id='word_1_199' title='bbox 1034 2897 1079 2957; x_wconf 87' lang='lat' dir='ltr'><strong>in·</strong></span> 
     </span>
     <span class='ocr_line' id='line_1_29' title="bbox 190 2989 1078 3067; baseline 0.005 -22"><span class='ocrx_word' id='word_1_200' title='bbox 190 2989 314 3047; x_wconf 85' lang='lat' dir='ltr'><strong>violatos</strong></span> <span class='ocrx_word' id='word_1_201' title='bbox 340 3008 401 3047; x_wconf 86' lang='lat' dir='ltr'><strong>sese</strong></span> <span class='ocrx_word' id='word_1_202' title='bbox 424 2990 493 3064; x_wconf 85' lang='lat' dir='ltr'><strong>fore,</strong></span> <span class='ocrx_word' id='word_1_203' title='bbox 515 2991 683 3053; x_wconf 64' lang='lat' dir='ltr'><strong>*Adherbali</strong></span> <span class='ocrx_word' id='word_1_204' title='bbox 703 2990 836 3063; x_wconf 86' lang='lat' dir='ltr'><strong>suadent,</strong></span> <span class='ocrx_word' id='word_1_205' title='bbox 861 2991 907 3047; x_wconf 85' lang='lat' dir='ltr'><strong>uti</strong></span> <span class='ocrx_word' id='word_1_206' title='bbox 929 3008 1025 3067; x_wconf 83' lang='lat' dir='ltr'><strong>seque,</strong></span> <span class='ocrx_word' id='word_1_207' title='bbox 1047 2997 1078 3049; x_wconf 89' lang='lat' dir='ltr'><strong>et</strong></span> 
     </span>
     <span class='ocr_line' id='line_1_30' title="bbox 191 3084 1078 3162; baseline 0.003 -22"><span class='ocrx_word' id='word_1_208' title='bbox 191 3084 329 3160; x_wconf 90' lang='lat' dir='ltr'><strong>oppidum</strong></span> <span class='ocrx_word' id='word_1_209' title='bbox 342 3084 498 3160; x_wconf 77' lang='lat' dir='ltr'><strong>Juguruhae</strong></span> <span class='ocrx_word' id='word_1_210' title='bbox 513 3086 612 3144; x_wconf 75' lang='lat' dir='ltr'><strong>tradat</strong></span> <span class='ocrx_word' id='word_1_211' title='bbox 617 3106 626 3160; x_wconf 84' lang='lat'>3</span> <span class='ocrx_word' id='word_1_212' title='bbox 644 3091 762 3143; x_wconf 86' lang='lat' dir='ltr'><strong>tantum</strong></span> <span class='ocrx_word' id='word_1_213' title='bbox 777 3086 815 3144; x_wconf 80' lang='lat' dir='ltr'><strong>ab</strong></span> <span class='ocrx_word' id='word_1_214' title='bbox 831 3105 865 3144; x_wconf 92' lang='lat' dir='ltr'><strong>eo</strong></span> <span class='ocrx_word' id='word_1_215' title='bbox 877 3086 971 3143; x_wconf 79' lang='lat' dir='ltr'><strong>vitam</strong></span> <span class='ocrx_word' id='word_1_216' title='bbox 986 3086 1078 3162; x_wconf 85' lang='lat' dir='ltr'><strong>pacis·</strong></span> 
     </span>
     <span class='ocr_line' id='line_1_31' title="bbox 191 3181 1078 3255; baseline 0.006 -19"><span class='ocrx_word' id='word_1_217' title='bbox 191 3184 287 3253; x_wconf 79' lang='lat' dir='ltr'><strong>catu&#39;r3</strong></span> <span class='ocrx_word' id='word_1_218' title='bbox 309 3181 345 3237; x_wconf 88' lang='lat' dir='ltr'><strong>de</strong></span> <span class='ocrx_word' id='word_1_219' title='bbox 365 3181 467 3239; x_wconf 87' lang='lat' dir='ltr'><strong>ceteris</strong></span> <span class='ocrx_word' id='word_1_220' title='bbox 482 3183 599 3240; x_wconf 85' lang='lat' dir='ltr'><strong>senatui</strong></span> <span class='ocrx_word' id='word_1_221' title='bbox 613 3201 689 3240; x_wconf 86' lang='lat' dir='ltr'><strong>curae</strong></span> <span class='ocrx_word' id='word_1_222' title='bbox 706 3183 776 3242; x_wconf 88' lang='lat' dir='ltr'><strong>fore.</strong></span> <span class='ocrx_word' id='word_1_223' title='bbox 817 3183 864 3240; x_wconf 90' lang='lat' dir='ltr'><strong>At</strong></span> <span class='ocrx_word' id='word_1_224' title='bbox 880 3184 939 3255; x_wconf 89' lang='lat' dir='ltr'><strong>ille,</strong></span> <span class='ocrx_word' id='word_1_225' title='bbox 958 3185 1078 3242; x_wconf 84' lang='lat' dir='ltr'><strong>tametsi</strong></span> 
     </span>
     <span class='ocr_line' id='line_1_32' title="bbox 191 3275 1078 3355; baseline 0.01 -26"><span class='ocrx_word' id='word_1_226' title='bbox 191 3275 288 3331; x_wconf 86' lang='lat' dir='ltr'><strong>omnia</strong></span> <span class='ocrx_word' id='word_1_227' title='bbox 300 3277 414 3351; x_wconf 88' lang='lat' dir='ltr'><strong>potiora</strong></span> <span class='ocrx_word' id='word_1_228' title='bbox 426 3277 483 3334; x_wconf 89' lang='lat' dir='ltr'><strong>fide</strong></span> <span class='ocrx_word' id='word_1_229' title='bbox 499 3277 655 3354; x_wconf 80' lang='lat' dir='ltr'><strong>Jugurthae</strong></span> <span class='ocrx_word' id='word_1_230' title='bbox 670 3279 791 3337; x_wconf 86' lang='lat' dir='ltr'><strong>rebatur</strong></span> <span class='ocrx_word' id='word_1_231' title='bbox 799 3299 809 3352; x_wconf 81' lang='lat'>3</span> <span class='ocrx_word' id='word_1_232' title='bbox 830 3280 900 3355; x_wconf 81' lang='lat' dir='ltr'><strong>quia</strong></span> <span class='ocrx_word' id='word_1_233' title='bbox 916 3298 1005 3355; x_wconf 86' lang='lat' dir='ltr'><strong>penes</strong></span> <span class='ocrx_word' id='word_1_234' title='bbox 1018 3298 1078 3338; x_wconf 82' lang='lat' dir='ltr'><strong>eos·</strong></span> 
     </span>
     <span class='ocr_line' id='line_1_33' title="bbox 190 3369 1076 3456; baseline 0.008 -29"><span class='ocrx_word' id='word_1_235' title='bbox 190 3369 265 3445; x_wconf 88' lang='lat' dir='ltr'><strong>dem,</strong></span> <span class='ocrx_word' id='word_1_236' title='bbox 289 3372 315 3429; x_wconf 84' lang='lat' dir='ltr'><strong>si</strong></span> <span class='ocrx_word' id='word_1_237' title='bbox 337 3374 547 3449; x_wconf 83' lang='lat' dir='ltr'><strong>adversaretur,</strong></span> <span class='ocrx_word' id='word_1_238' title='bbox 568 3377 689 3453; x_wconf 85' lang='lat' dir='ltr'><strong>cogendi</strong></span> <span class='ocrx_word' id='word_1_239' title='bbox 706 3381 834 3456; x_wconf 74' lang='lat' dir='ltr'><strong>potestus</strong></span> <span class='ocrx_word' id='word_1_240' title='bbox 854 3382 925 3450; x_wconf 87' lang='lat' dir='ltr'><strong>erat,</strong></span> <span class='ocrx_word' id='word_1_241' title='bbox 945 3371 1004 3450; x_wconf 84' lang='lat' dir='ltr'><strong>ita,</strong></span> <span class='ocrx_word' id='word_1_242' title='bbox 1028 3377 1076 3435; x_wconf 83' lang='lat' dir='ltr'><strong>uti</strong></span> 
     </span>
    </p>
   </div>
   <div class='ocr_carea' id='block_1_7' title="bbox 0 0 1218 3790">
    <p class='ocr_par' dir='ltr' id='par_1_8' title="bbox 0 0 1218 3790">
     <span class='ocr_line' id='line_1_34' title="bbox 0 0 1218 3790; baseline 0 4"><span class='ocrx_word' id='word_1_243' title='bbox 0 0 1218 3790; x_wconf 95' lang='lat' dir='ltr'><strong> </strong></span> 
     </span>
    </p>
   </div>
  </div>
 </body>
</html>
