2426 3790
193 266 232 322 48
392 260 619 321 SALLUSI'II
644 261 669 318 J
674 259 727 319 UG
735 257 881 317 URTHA.

191 427 321 493 tempore
342 422 434 474 semet
455 435 523 473 cum
544 413 678 473 exercitu
696 414 802 472 adfore.
844 414 894 470 Ita
914 415 1085 492 compositis

190 513 284 582 rebus,
299 512 332 567 in
351 511 414 569 loca
433 530 522 586 quam
542 512 670 567 maxime
690 510 804 566 occulta
817 509 947 581 discedit,
960 530 994 567 ac
1014 524 1084 587 poet

191 604 289 684 paullo
303 606 456 682 cognoscit,
473 606 601 662 Marium
615 625 652 662 ex
666 604 771 661 itinere
784 604 998 661 frumentatum
1012 624 1083 663 cum

190 704 290 780 paucis
303 702 469 759 cohortibus
483 701 594 758 Siccam
608 700 746 772 missum5
766 700 845 775 quod
863 700 1002 776 oppidum
1022 704 1085 778 pri·

191 819 272 856 mum
291 800 422 854 omnium
435 804 501 873 post
514 797 621 853 malum
634 815 762 872 pugnam
780 797 819 852 ab
838 815 905 872 rege
925 799 1079 857 defecerat

195 896 237 954 Eo
251 918 317 955 cum
331 897 449 953 delectis
466 897 612 973 equitibus
628 909 717 953 noctu
734 897 837 973 pergit,
854 898 955 973 etjam
969 900 1082 974 egredi·

191 996 308 1050 entibus
323 994 463 1052 Romanis
477 996 507 1051 in
523 1004 606 1070 porta
621 1013 748 1069 pugnam
762 994 851 1051 fucit:
872 996 958 1053 simul
973 1016 1082 1072 magna

191 1107 260 1144 voce
274 1088 418 1147 Siccenses
432 1090 574 1157 hortatur,
591 1091 659 1146 “uti
673 1091 804 1147 cohortes
817 1091 854 1147 ab
863 1097 945 1168 tergo
959 1095 1081 1151 circum-

191 1188 327 1245 veniant:
348 1188 495 1244 fortuuam
506 1187 636 1262 praeclari
647 1187 782 1244 facinoris
793 1207 890 1245 casum
900 1190 969 1246 dare
981 1191 1035 1249 :si
1047 1192 1082 1249 id

191 1279 318 1354 feceriut,
341 1288 442 1358 postea
462 1301 522 1339 sese
542 1282 573 1338 iu
594 1301 690 1357 regno,
714 1282 779 1339 illos
798 1283 830 1339 in
849 1283 994 1354 libertate,
1015 1287 1081 1343 sine

190 1384 271 1433 metu
291 1384 407 1435 aetatem
427 1377 569 1435 acturos.”
607 1378 663 1447 Ac,
684 1377 717 1433 ni
737 1377 850 1434 Marius
869 1379 951 1453 signa
970 1379 1082 1438 inferre

190 1482 278 1550 atque
304 1475 425 1532 evadere
451 1475 557 1550 oppido
578 1475 798 1549 properavisset,
819 1476 949 1551 profecto
968 1476 1079 1552 cuncti,

190 1582 243 1628 aut
257 1591 363 1645 magna
376 1590 443 1646 pam
461 1572 638 1627 Siccensium
657 1571 744 1627 fidem
764 1571 973 1629 mutavissent:
993 1575 1082 1627 tanta

190 1668 352 1723 mobilitate
360 1684 421 1724 sese
432 1666 569 1723 Numidae
579 1672 677 1740 agunt.
708 1665 765 1723 Sed
774 1667 881 1723 milites
891 1666 1078 1743 Jugurthini,

134 1813 137 1817 ,
189 1763 347 1838 paullisper
373 1763 410 1818 ab
437 1782 502 1838 rege
532 1761 697 1833 sustentati,
725 1769 880 1837 postquam
910 1765 1018 1839 majore
1045 1767 1079 1821 vi

189 1859 286 1918 hostes
299 1869 412 1936 urgent,
428 1862 526 1936 paucis
539 1861 659 1932 amissis,
674 1859 791 1935 profugi
804 1859 964 1918 discedunt

249 1956 350 2013 LVII.
393 1957 507 2013 Marius
520 1958 557 2013 ad
571 1958 690 2014 Zamam
708 1958 858 2032 pervenit:
879 1956 910 2014 id
930 1958 1079 2033 oppidum,

188 2054 221 2112 in
240 2075 341 2130 campo
361 2055 459 2125 situm,
475 2056 567 2129 magis
588 2073 681 2129 opere,
696 2073 783 2130 quam
799 2060 914 2122 natura,
929 2054 1079 2110 munitum

189 2158 269 2224 erat3
291 2151 400 2208 nullius
414 2151 524 2207 idoneae
538 2151 581 2206 rei
594 2169 689 2225 egens,
704 2150 793 2206 armis
806 2149 944 2224 virisque,
960 2149 1080 2223 cpulen-

188 2229 260 2304 tum.
303 2247 401 2320 Igitur
414 2245 561 2317 Metellus,
577 2265 629 2321 pro
643 2253 772 2321 tempore
787 2252 875 2320 atque
888 2245 951 2302 loco
966 2248 1079 2321 paratis

188 2343 283 2414 rebus,
312 2351 417 2401 cuncta
443 2347 550 2401 moenia
577 2344 708 2402 exercitu
736 2343 946 2401 circumvenit:
973 2344 1079 2420 legatis

190 2439 321 2512 imperat,
334 2441 383 2496 ubi
397 2441 520 2516 quisque
534 2446 667 2498 curaret:
683 2440 794 2511 deinde,
804 2440 887 2513 siguo
900 2438 976 2509 dato,
990 2441 1080 2496 undi-

191 2553 247 2609 que
261 2535 345 2592 simul
361 2537 578 2612 clemeringens
591 2536 704 2593 oritur:
718 2555 812 2611 neque
826 2555 860 2592 ea
873 2555 918 2592 res
932 2535 1080 2592 Numidas

191 2635 282 2686 terret
291 2649 301 2702 3
321 2631 427 2688 infensi
446 2633 610 2707 intentique
630 2632 692 2688 sine
706 2630 837 2688 tumultu
850 2629 984 2687 manent:
1006 2651 1080 2707 prae-

190 2726 263 2783 lium
286 2727 433 2804 incipitur.
477 2728 613 2799 Romani,
635 2747 688 2803 pro
715 2727 832 2801 ingenio
858 2726 989 2802 quisque,
1011 2747 1079 2803 pars

190 2829 304 2885 eminus
317 2830 422 2905 glande
440 2838 492 2888 aut
510 2830 655 2906 lapidibus
673 2848 823 2906 pugnare3
844 2829 895 2885 alii
916 2830 1077 2900 succedere,

155 2922 158 2929 “
189 2945 223 2982 ac
243 2945 359 2982 murum
379 2927 464 2983 modo
484 2926 644 2995 subfodere,
663 2925 749 2981 modo
765 2924 849 2980 scalis
868 2923 1010 2999 adgredi:
1031 2943 1080 2981 cu-

189 3039 257 3095 pere
270 3022 402 3096 praelium
418 3018 473 3102 [in]
490 3023 623 3079 manibus
637 3022 737 3080 facere.
768 3020 878 3077 Contra
891 3040 925 3077 ea
938 3021 1078 3096 oppidani

189 3115 222 3170 in
241 3117 390 3192 proximos
409 3137 479 3175 saxa
499 3119 632 3176 volvere:
653 3117 746 3187 sudes,
767 3115 836 3192 pila,
858 3122 1001 3191 praeterea
1014 3117 1078 3191 pice

191 3217 222 3266 et
234 3212 372 3289 sulphure
384 3214 491 3271 taedam
512 3213 636 3269 mixtam
656 3211 772 3268 ardenti
784 3211 909 3267 mittere.
952 3208 1010 3267 Sed
1024 3229 1078 3267 nec

191 3306 264 3378 illos,
285 3311 336 3384 qui
355 3311 455 3386 procul
476 3315 650 3378 manserant,
672 3307 761 3364 timor
780 3306 872 3364 animi
891 3306 962 3363 satis
982 3307 1078 3363 muni-

191 3407 291 3460 verat:
319 3423 387 3462 nam
414 3406 565 3482 plerosque
587 3404 695 3479 jacula,
723 3403 879 3460 tormentis
905 3408 958 3459 aut
985 3420 1077 3461 manu
