2426 3786
189 261 227 318 42
402 248 630 317 silicem
648 252 851 316 CATILINA-

155 412 159 427 ¹
187 414 337 491 praterire
347 432 406 470 non
419 412 477 470 fuit
493 410 653 483 consilium,
673 411 746 486 quin
764 411 918 487 utriusque
933 415 1069 468 naturum

186 517 216 568 et
229 528 330 583 mores,
346 517 488 585 quantum
502 509 618 584 ingenio
631 527 752 584 possem,
770 511 921 585 aperirem.

245 603 329 663 LIV.
370 603 469 679 Igitur
487 603 534 660 his
552 622 652 679 genus,
672 611 752 676 estas,
782 606 955 680 eloquentia,
980 622 1069 683 prope

185 698 308 773 aequalia
320 698 401 756 fuere
411 719 421 771 ;
440 699 611 774 magnitudo
624 699 716 756 animi
728 718 789 776 par,
802 701 876 757 item
887 701 999 777 gloria5
1019 703 1068 761 sed

187 795 246 850 alie
274 792 332 852 elii
375 793 472 851 Caesar
499 793 645 851 beneficiis
667 810 703 851 ao
729 796 930 854 munificentia
948 798 1070 874 magnus

185 893 365 966 habebatur3
385 893 555 969 integritate
567 895 636 951 vitae
650 894 730 952 Octo.
772 893 831 951 Ille
844 895 1068 953 mansuetudine

185 995 216 1046 et
228 988 424 1046 misericordia
437 990 530 1047 clerus
540 990 633 1047 factus
647 1006 654 1047 t
674 989 743 1046 huic
751 988 889 1046 severitus
896 989 1068 1064 dignitatem

186 1084 344 1142 addiderat
397 1085 492 1142 Caesar
520 1085 624 1157 dando,
659 1085 844 1156 sublevando,
875 1085 1069 1159 ignoscendo;

186 1179 260 1237 Cato
272 1180 347 1237 nihil
359 1179 508 1257 largiendo
520 1181 643 1257 gloriam
660 1181 788 1257 adeptus.
830 1181 869 1238 In
881 1182 975 1238 altero
986 1182 1069 1239 mise·

185 1276 225 1333 ris
238 1276 421 1352 perffigium3
442 1276 475 1333 in
492 1276 584 1333 altero
603 1276 688 1333 mulis
706 1276 866 1352 pernicies:
884 1277 965 1335 illius
977 1272 1067 1334 facili-

183 1377 248 1445 tas3
269 1371 356 1447 hujus
369 1371 532 1429 constantia
543 1370 724 1430 laudabatur.
759 1370 919 1444 Postremo,
930 1371 1027 1430 Osesar
1035 1375 1068 1430 in

184 1468 315 1524 animum
335 1466 494 1523 induxerat
512 1465 651 1538 laborare,
665 1467 806 1542 vigilem
826 1466 952 1542 negotiis
964 1467 1067 1524 emico

183 1562 397 1633 rumintentus,
409 1579 462 1618 sua
472 1561 636 1637 negligere3
655 1561 730 1619 nihil
736 1563 888 1637 denegare,
900 1563 978 1639 quod
992 1562 1067 1620 dono

183 1657 304 1732 dignum
333 1662 427 1730 esset;
457 1657 513 1714 sibi
540 1676 679 1733 magnum
702 1657 866 1734 imperium,
895 1658 1062 1729 exercitum,

183 1770 294 1809 novum
308 1752 418 1810 bellum
431 1753 598 1829 exoptabat,
613 1753 664 1810 nbi
675 1753 771 1810 virtus
784 1755 941 1811 enitescere
961 1759 1064 1830 posset.

183 1847 229 1904 At
249 1847 355 1904 Catoni
374 1848 505 1906 studium
534 1849 690 1921 modestiae,
720 1849 838 1921 decoris,
867 1849 919 1906 sed
937 1849 1065 1906 maxime

182 1942 348 2001 severitatis
360 1950 432 2003 eret.
474 1943 544 2001 Non
565 1943 678 2001 divitiis
695 1963 762 2002 cum
781 1944 881 2014 divite,
898 1962 995 2020 neque
1010 1944 1067 2000 iao
1088 1973 1090 1977 ·

176 2040 263 2096 ‘tione
288 2058 355 2096 cum
383 2038 521 2111 factios03
549 2039 600 2096 sed
627 2058 693 2097 oum
713 2046 832 2097 strenuo
851 2040 970 2111 virtuts,
999 2058 1066 2096 cum

183 2133 314 2192 modesto
331 2133 450 2210 pudore,
471 2151 538 2190 cum
558 2132 714 2191 innocente
728 2134 905 2192 abstinentia
917 2134 1065 2192 certabat:

182 2249 252 2302 esse,
267 2249 355 2306 quarn
368 2228 470 2301 videri,
483 2229 576 2286 bouus
588 2228 734 2288 malebat:
754 2230 807 2302 its,
826 2231 994 2307 quominus
1006 2228 1067 2306 glo·-

183 2326 258 2382 riem
270 2327 395 2402 petebat,
411 2343 445 2383 eo
458 2325 549 2400 magis
561 2325 742 2400 sequebatur.

244 2421 310 2479 LV.
351 2420 517 2496 Postquam,
535 2426 570 2476 ut
590 2419 662 2493 dixi,
681 2414 798 2480 senatres
815 2421 849 2479 in
866 2420 987 2480 (tutonis
1004 2438 1067 2478 een·

183 2518 309 2575 tentiam
327 2516 466 2582 discessit,
485 2514 585 2572 consul
605 2515 748 2592 optimum
767 2516 877 2574 factum
895 2521 986 2587 ratus,
998 2533 1067 2573 noc·

167 2605 253 2684 tem,
284 2630 348 2688 quae
377 2610 515 2681 instabat,
545 2616 725 2686 antecapere,
756 2630 794 2668 ne
821 2612 894 2687 quid
918 2630 952 2667 eo
971 2611 1067 2687 spatio

185 2712 353 2777 novaretur,
366 2705 544 2777 triumviros,
559 2724 623 2780 qua
636 2706 811 2780 supplicium
823 2707 998 2781 postulabat,
1019 2726 1068 2783 pa-

183 2824 249 2863 rare
257 2804 358 2881 jabet:
377 2803 446 2880 ipse,
460 2803 608 2879 dispositis
620 2801 769 2878 pmsidiis,
784 2801 945 2859 Lentulum
957 2802 991 2859 in
1004 2821 1067 2860 car·-

183 2920 278 2958 cersm
297 2900 434 2958 deducit:
460 2898 539 2955 idem
560 2898 595 2955 fit
621 2897 726 2955 ceteris
751 2915 803 2972 per
826 2902 971 2973 pretores.
1012 2896 1067 2954 ms

183 2998 264 3053 locus
276 2996 309 3053 in
321 3012 440 3065 carcere,
455 2993 534 3070 quod
546 2992 715 3050 Tullianum
727 2991 897 3068 adpelletur,
915 2992 968 3049 ubi
987 2992 1068 3068 paul·

185 3092 279 3149 lulum
298 3090 460 3149 ascenderis
479 3088 517 3146 ad
535 3088 647 3161 lavem,
674 3088 789 3146 circiter
809 3088 962 3145 duodecim
980 3087 1068 3164 pedes

184 3187 268 3243 humi
286 3186 443 3263 depressus.
484 3184 560 3242 Eum
580 3186 722 3243 muniunt
735 3184 866 3260 undique
877 3184 1011 3260 periotes,
1024 3187 1067 3239 at-

182 3299 242 3356 que
267 3281 386 3360 insuper
411 3296 532 3354 camera,
553 3280 674 3359 lapideis
692 3281 851 3349 fornicibus
869 3281 988 3340 tinem:
1015 3276 1066 3335 sed
