2426 3790
203 236 242 295 50
404 232 628 295 sarrvsrrl
641 233 732 294 Ι,1Πο
739 233 884 293 UBTHA

201 391 342 462 portaret
356 386 488 461 proxima
504 385 568 442 loca
582 386 708 442 tribunis
726 385 881 461 dispertit:
903 383 1007 442 deinde
1023 381 1090 459 ipse

201 481 297 556 pergit
315 481 352 538 ad
372 482 519 557 oppidum,
550 488 646 555 atque,
673 488 708 539 ut
726 480 872 556 superiore
892 479 947 545 die,
967 497 1088 535 murum

201 577 376 654 adgreditur.
419 577 546 634 Interim
576 575 727 651 «Iugurtha
753 595 793 633 ex
822 574 935 635 occulto
964 579 1087 649 repente

201 681 314 732 nostros
329 674 462 733 invadit:
483 674 535 750 qui
552 674 585 730 in
600 673 733 749 proximo
754 671 842 729 locati
860 672 984 740 fuerant,
1004 668 1087 744 paul·
1202 736 1203 739 Ἴ

200 770 289 845 lisper
308 769 406 825 territi
424 768 636 845 perturbantur
645 788 655 840 ;
687 766 793 842 reliqui
817 768 876 823 cito
896 765 1083 822 subveniunt

201 864 306 939 Neque
319 864 430 921 diutius
444 863 581 921 Numidae
594 863 725 920 resistere
739 864 908 938 quivissent,
926 860 959 917 ni
971 860 1086 935 pedites

200 978 266 1016 cum
279 960 426 1035 equitibus
447 959 587 1035 permixti
602 980 738 1036 magnam
756 959 867 1016 cladem
884 958 917 1013 in
930 974 1085 1032 congressu

200 1053 346 1111 facerent:
367 1054 610 1129 quibusillifreti,
616 1074 686 1125 non,
701 1060 737 1112 ut
745 1054 873 1129 equestri
885 1052 986 1128 praelio
1000 1051 1082 1121 solet,

200 1148 290 1223 sequi,
304 1148 372 1205 dein
385 1149 484 1206 cedere
496 1169 505 1220 3
526 1150 576 1205 sed
594 1149 722 1206 adversis
736 1150 819 1224 equis
832 1167 1009 1218 concurrere,
1028 1147 1085 1202 im-
1169 1218 1172 1224 Ι

199 1243 306 1317 plicare
324 1263 356 1301 ae
374 1245 543 1320 perturbare
565 1244 656 1302 aciem
667 1264 678 1319 3
707 1245 751 1302 ite
770 1244 914 1321 expeditis
933 1243 1084 1319 peditibus

199 1337 258 1395 suis
271 1338 367 1396 hostes
381 1358 461 1414 paene
474 1338 566 1395 victos
579 1339 654 1396 dare.

258 1434 324 1493 LX.
364 1435 476 1493 Eodem
494 1441 623 1510 tempore
636 1435 713 1510 apud
726 1435 847 1492 Zamam
859 1453 965 1511 magna
977 1433 1008 1490 vi
1021 1453 1083 1492 oer-

198 1530 323 1591 tabatur.
366 1530 429 1588 Ubi
448 1532 570 1607 quisque
590 1531 709 1606 legatus,
724 1537 776 1588 aut
795 1531 932 1588 tribunus
950 1530 1079 1601 curabat,

198 1645 232 1681 eo
248 1625 386 1682 acerrime
403 1626 460 1682 niti
469 1644 479 1697 3
500 1644 592 1702 neque
612 1626 687 1684 alius
704 1628 737 1683 in
756 1627 814 1684 alio
831 1627 930 1701 magis,
945 1645 1034 1702 quam
1047 1625 1080 1683 iu

198 1738 266 1792 sese,
280 1739 361 1795 spem
374 1720 497 1778 habere:
518 1721 684 1798 pariterque
697 1722 834 1799 oppidani
847 1740 950 1798 ager03
971 1740 1081 1798 oppug-

197 1832 273 1886 nare,
291 1821 344 1873 aut
361 1834 463 1890 parare
478 1818 611 1875 omnibus
627 1816 716 1875 locis:
736 1817 851 1874 avidius
869 1817 956 1874 alteri
973 1818 1080 1877 alteros

196 1909 331 1981 sauciare,
353 1930 441 1987 quam
458 1919 552 1970 semet
565 1919 682 1988 tegere:
702 1913 811 1971 clamor
830 1913 993 1989 permixtus
1012 1913 1079 1971 hor·

196 2007 315 2079 tatione,
339 2007 450 2078 laetitia,
479 2009 598 2083 gemitu,
623 2010 696 2066 item
716 2009 854 2085 strepitus
873 2029 1020 2067 armorum
1040 2011 1079 2068 ad

194 2103 299 2160 eoelum
312 2103 399 2160 ferri:
420 2103 480 2160 tela
493 2104 640 2179 utrimque
653 2104 758 2164 volare.
800 2104 858 2161 Sed
871 2105 924 2175 illi,
945 2105 998 2181 qui
1011 2124 1079 2163 mre·

194 2198 244 2254 nia
264 2198 459 2269 defensabant,
487 2199 538 2255 ubi
557 2199 654 2256 hostes
672 2199 824 2275 paululum
845 2200 929 2256 modo
948 2220 1078 2278 pugnam

194 2294 384 2360 remiserant·
399 2294 509 2353 intenti
531 2296 664 2370 proelium
684 2302 816 2372 equestre
836 2298 1076 2372 prospectabant:

194 2408 249 2460 eos,
264 2390 310 2447 uti
323 2409 445 2466 quaeque
453 2390 475 2447 J
476 2391 609 2467 ugurtha
622 2411 669 2449 res
681 2398 773 2462 erant,
787 2392 868 2450 laetos
881 2392 974 2463 modo,
989 2392 1077 2449 modo

193 2487 320 2562 pavidos,
342 2487 585 2546 animadverteres
595 2507 604 2559 3
626 2508 666 2561 ac,
686 2490 772 2546 sicuti
791 2489 888 2545 audiri
908 2490 1076 2559 aerisaut

193 2581 272 2637 cerni
290 2589 413 2656 possent,
433 2602 550 2641 monere
569 2584 630 2655 alii,
647 2584 700 2641 alii
718 2585 838 2656 hortari,
852 2592 904 2641 aut
917 2604 1007 2642 manu
1020 2586 1076 2661 eig-

192 2678 316 2748 nifieare‚
344 2685 398 2737 aut
422 2681 480 2738 niti
500 2682 673 2757 corporibus,
701 2693 733 2739 et
751 2701 786 2739 ea
805 2678 871 2753 bue,
892 2682 969 2753 illue,
991 2684 1076 2759 quasi

192 2774 353 2846 vitabundi,
368 2785 420 2832 aut
429 2777 571 2851 jacientes
584 2778 650 2848 tela,
665 2778 782 2852 agitare.
819 2777 904 2847 Quod
913 2778 964 2835 ubi
978 2777 1076 2835 Mario

192 2871 408 2947 cogniturae,
435 2872 515 2951 (nam
530 2874 555 2930 is
572 2874 605 2930 in
625 2893 658 2931 ea
677 2880 760 2948 parte
780 2871 920 2951 curabat)
941 2875 1076 2932 consulto

191 2966 286 3024 lenius
297 2986 391 3043 agere,
404 2989 438 3027 ao
451 2970 642 3028 diffidentiam
654 2971 697 3028 rei
713 2970 850 3028 simulare
863 2992 869 3028 :
890 2972 953 3046 pati
967 2970 1075 3030 Numi·

191 3062 242 3119 das
256 3065 318 3121 siue
330 3067 460 3122 tumultu
473 3066 548 3141 regie
560 3067 692 3141 praelium
705 3067 805 3124 visere.
841 3066 891 3124 Ita
903 3066 963 3124 illis
975 3067 1075 3126 studio

191 3180 308 3218 suorum
317 3163 471 3234 adstrictis,
479 3169 598 3239 repente
606 3164 752 3241 magnavi
762 3182 878 3221 murum
887 3163 1072 3239 adgreditur:

192 3256 294 3329 etjam
307 3258 395 3316 >scalis
411 3259 535 3336 aggressi
553 3259 661 3317 milites
681 3278 772 3336 prope
793 3277 907 3316 summa
926 3265 1071 3334 ceperant,

191 3365 257 3404 cum
270 3354 406 3427 oppidani
420 3358 603 3426 concurrunt,
618 3354 735 3431 lapides,
746 3356 852 3431 ignem,
861 3356 919 3412 alia
932 3361 1073 3431 praeterea
