2426 3786
352 250 582 318 demusin
607 256 814 321 UMILINA.
989 258 1030 321 27

132 406 278 483 odierium,
294 411 426 469 studium
438 412 516 485 belli,
531 430 636 488 magna
649 430 758 471 merces
771 413 803 471 in
816 431 867 489 sps
881 408 1029 471 victorie:

136 513 172 564 at
186 507 219 564 in
232 507 325 565 altera
337 508 461 584 majores
474 524 549 584 opes,
564 514 632 565 tuta
643 509 770 580 cunulis,
785 528 839 585 pre
852 509 964 566 incerte
977 526 1029 584 spe

136 608 222 659 certa
249 603 375 678 praemia
417 602 493 660 Haec
519 602 580 660 illis
599 603 791 678 volventibus,
816 604 937 662 tandem
955 601 1029 661 vicit

135 696 261 753 fortuna
279 696 453 772 reipublicae.
495 697 602 774 Itaque
627 698 662 767 Q.
687 699 781 758 Fabio
808 699 920 775 sange,
944 699 1028 774 eujus

133 793 301 868 patrocinio
314 792 416 850 civitas
430 792 588 868 plurimum
601 796 746 868 nitebatur,
765 815 828 854 rem
840 815 965 867 omnem,
980 794 1028 852 uti

135 897 343 968 cognoverant,
365 892 510 968 aperiunt.
552 891 660 963 (licere,
685 910 738 967 per
758 890 884 968 Sangam
907 889 1027 947 consilio

136 986 264 1062 cognito,
291 986 395 1063 legatis
420 987 564 1064 pracepit,
595 991 630 1045 ut
661 987 792 1044 studium
817 986 1027 1063 conjurationis
1068 969 1071 976 ¹

137 1081 329 1140 vehementer
349 1082 495 1156 simulent,
517 1091 627 1143 ceteros
646 1084 761 1151 adeant,
779 1084 853 1142 bene
874 1082 1027 1160 pollicean-

135 1184 190 1235 tur
196 1197 206 1251 3
219 1174 347 1254 dentque
354 1195 479 1254 operam,
498 1179 544 1236 uti
557 1197 606 1238 eos
618 1197 706 1255 quam
718 1178 846 1234 maxime
857 1176 1027 1235 manifestos

136 1272 301 1427 118ὶχῗΧὶωΙιῂΙὶ.
344 1367 454 1431 Iisdem
467 1367 527 1425 fere
534 1367 714 1444 temporibus
726 1366 759 1424 iu
769 1365 870 1423 Gallie
883 1365 1025 1424 Citeriore

136 1471 227 1543 atque
240 1464 398 1537 Ulteriere,
413 1467 486 1524 item
498 1467 531 1523 in
543 1486 612 1543 agro
625 1466 742 1536 Piceno,
761 1464 887 1534 Bruttio,
902 1463 1023 1539 Apulia,

135 1567 236 1617 motus
257 1566 327 1620 erat.
369 1561 508 1638 Namque
527 1561 580 1632 illi,
598 1580 670 1638 quos
687 1566 775 1618 antea
797 1559 924 1618 Catilina
941 1559 1025 1616 dimi-

136 1664 223 1730 serat,
238 1658 401 1716 inconsulte
414 1678 448 1719 ac
460 1658 553 1716 veluti
566 1677 619 1735 per
628 1658 804 1715 dementiam
819 1661 924 1714 cuncte
937 1654 1024 1713 simul

133 1754 279 1831 egebant:
300 1756 450 1812 nocturnis
466 1754 600 1825 consiliis,
622 1771 770 1810 armorum
790 1758 878 1827 atque
898 1751 1024 1810 telorum

135 1850 360 1926 positionibus,
381 1850 553 1922 festinando,
575 1848 711 1925 agitando
733 1847 838 1920 omnia,
858 1847 925 1923 plus
937 1847 1023 1905 timo-

135 1945 178 2002 ris
190 1962 278 2021 quam
293 1946 415 2021 periculi
428 1946 590 2005 effecerant
626 1944 674 2002 Ex
684 1963 718 2002 eo
727 1963 848 2001 numero
861 1943 1023 2019 complures

138 2039 172 2110 Q„
196 2041 336 2098 Metellus
357 2041 442 2099 Oeler
456 2048 570 2118 prator,
588 2060 627 2099 ex
645 2041 739 2099 senati
760 2042 899 2114 consulto,
923 2058 1022 2098 caussa

132 2137 259 2213 cognite,
271 2138 304 2193 in
316 2137 434 2195 vincula
441 2138 603 2213 conjecerat
609 2157 618 2211 3
639 2138 711 2196 item
724 2139 757 2196 in
767 2138 917 2196 Ulteriore
926 2136 1022 2196 Gallie

138 2231 169 2290 0.
185 2231 319 2304 Murena,
335 2232 387 2308 qui
400 2232 428 2289 ei
440 2232 596 2307 provincia
610 2233 723 2308 legatus
735 2239 865 2309 praeerat.

195 2326 317 2384 XLIII.
358 2327 404 2384 At
434 2325 536 2384 Romae
567 2327 710 2385 Lentulus
737 2347 804 2384 cum
830 2326 940 2398 ceteris,
967 2327 1021 2403 qui

136 2425 279 2500 pn'ncipes
299 2427 508 2502 conjurationis
527 2432 619 2497 erant,
640 2425 757 2501 paratis,
782 2431 818 2482 ut
835 2426 1017 2498 videbantur,

112 2520 248 2595 magnis
267 2522 364 2596 copiis,
394 2522 614 2591 constituerant,
641 2520 696 2588 uti,
722 2539 815 2596 quum
839 2520 967 2578 Catilina
986 2521 1019 2578 in

135 2634 237 2692 agrum
257 2615 443 2674 Faesulanum
468 2636 535 2675 cum
553 2616 684 2675 exercitu
705 2617 840 2687 venisset,
863 2615 896 2673 L.
918 2615 1019 2674 Bestia

135 2711 270 2795 tribunus
285 2711 386 2787 plebis,
406 2712 542 2769 concione
561 2711 669 2784 habita,
692 2718 862 2788 quereretur
880 2711 916 2768 de
931 2711 1019 2769 aetio·

131 2807 220 2863 'nibus
239 2805 393 2880 Ciceronis,
415 2807 542 2883 bellique
557 2807 720 2883 gravimimi
741 2806 883 2864 invidiam
905 2806 1016 2883 optimo

134 2901 245 2960 consuli
273 2902 433 2979 imponeret
443 2921 453 2975 ;
481 2921 516 2959 eo
544 2901 635 2977 signo,
660 2902 794 2977 proxima
816 2907 902 2958 nocte
922 2908 1018 2977 cetera

135 2997 292 3056 multitudo
309 2997 518 3073 conjurationis
538 3015 624 3054 suum
636 2996 759 3073 quisque
771 2997 923 3073 negotium
935 3014 1016 3053 exse-

134 3099 277 3170 queretur.
320 3092 377 3151 Sed
395 3112 429 3150 ea
445 3091 603 3150 divisahoc
616 3091 701 3148 mode
714 3092 904 3150 dicebantur:
925 3090 1014 3149 Stati-

18 3190 19 3193 ’
132 3188 188 3247 lius
200 3195 232 3246 et
246 3189 388 3246 Gabinius
401 3188 526 3245 uticum
540 3206 646 3262 magua
658 3205 748 3244 manu
764 3169 1014 3268 duodecimcimul

132 3289 294 3359 offerturia
307 3284 371 3340 lece
383 3283 464 3340 urbis
477 3281 672 3354 incenderent,
687 3300 745 3357 quo
758 3278 890 3337 tumultu
903 3281 1014 3341 facilior

134 3377 228 3436 editus
245 3376 283 3434 ed
303 3375 459 3449 consulem,
479 3381 653 3453 ceterosque,
673 3375 778 3453 quibus
800 3374 912 3433 insidiae
929 3393 1016 3453 para«
