2426 3790
197 266 235 324 74
398 261 622 322 snnnvsrll
645 261 882 322 JUGUM'HA.

196 413 344 484 aooideret,
366 431 406 469 an
425 411 588 469 mobilitate
615 411 727 486 ingenii
746 430 846 486 paoem
866 417 955 489 atque
976 413 1087 472 bellum

196 516 311 568 mutare
324 509 434 580 solitus,
449 527 552 583 parum
566 507 759 583 exploratum.

256 605 439 664 LXXXIX
481 604 538 661 Sed
551 604 659 670 consul,
676 605 724 660 uti
736 610 889 677 statuerat,
908 605 1015 681 oppida
1026 625 1088 664 oas-
1199 646 1200 659 ,

196 704 324 779 tellaque
339 701 454 759 munita
471 701 570 758 adire:
591 700 698 777 partim
711 701 749 771 vi,
772 701 830 758 alia
844 714 933 773 metu,
948 708 1001 760 ant
1013 721 1087 778 pree-

197 801 256 857 mia
269 798 448 869 ostentando,
464 803 593 854 avertere
604 798 641 854 ab
649 797 788 855 hostibus.
818 797 969 874 Aoprimo
979 800 1088 856 medio-

197 895 257 953 oria
269 895 395 971 gerebat,
415 893 593 963 existimans,
611 891 633 951 J
634 892 791 968 ugurtham
809 894 847 950 ob
867 912 933 951 suos
946 895 1088 952 tutandos

197 993 230 1048 in
245 1010 349 1048 manus
366 996 532 1048 venturum.
573 989 638 1060 Sed
657 989 710 1046 ubi
721 989 805 1046 illum
819 990 920 1065 prooul
933 991 1039 1063 abesse,
1055 997 1089 1048 et

197 1088 263 1145 aliis
275 1087 399 1162 negotiis
411 1086 570 1157 intentum,
584 1087 704 1160 aooepit,
719 1086 830 1160 majora
839 1091 869 1143 et
879 1086 971 1162 magis
984 1105 1089 1162 aspera

197 1183 315 1260 adgredi
330 1190 445 1258 tempus
458 1183 553 1239 visum
566 1188 618 1238 est.
662 1181 735 1237 Erat
750 1183 828 1238 inter
840 1182 973 1257 ingentes
985 1181 1089 1239 solitu-

83 1290 85 1294 '
197 1281 281 1338 dines
296 1280 435 1356 oppidum
454 1298 593 1355 magnum
611 1285 700 1354 atque
717 1279 826 1350 valens,
845 1280 963 1338 nomine
982 1279 1087 1354 (lapsa,

197 1379 280 1454 eujus
300 1378 432 1435 eonditor
459 1376 603 1433 Hercules
631 1374 722 1449 Libys
750 1375 971 1433 memorabatur.
1013 1374 1090 1450 Ejus

197 1474 275 1532 eires
293 1474 371 1557 apud
387 1472 567 1549 Jugurtham
590 1472 743 1542 immunes,
770 1470 828 1527 levi
847 1470 977 1545 imperioi
996 1477 1030 1527 et
1047 1469 1090 1526 ob
1199 1504 1200 1509 κ

189 1570 406 1640 ⁴ea‘lidelissimi
419 1569 621 1626 habebantur:
642 1567 912 1624 munitiadveraum
922 1566 1018 1624 hostes
1026 1585 1090 1623 non
1199 1604 1200 1643 g

198 1665 342 1723 moenibus
370 1664 463 1735 modo,
489 1669 520 1721 et
542 1663 631 1720 armis
650 1670 739 1738 atque
759 1663 839 1735 viris,
867 1682 970 1720 verum
996 1663 1091 1720 etiam

198 1763 292 1820 multo
316 1763 407 1838 magis
435 1757 565 1818 locorum
592 1760 755 1836 asperitate.
798 1759 884 1831 Nam,
906 1766 1012 1836 prater
1037 1779 1091 1836 op-

198 1858 268 1935 pido
294 1859 465 1933 propinqua,
494 1857 553 1913 alia
579 1857 677 1914 omnia
702 1861 794 1924 vasta,
826 1856 945 1928 inculta,
971 1858 1091 1932 egentia

198 1973 289 2032 aquae,
305 1954 411 2011 infesta
424 1953 606 2028 serpentibus
620 1973 626 2009 :
645 1971 771 2028 quarum
784 1953 836 2024 vis,
856 1953 944 2010 aienti
956 1955 1091 2014 omnium

199 2052 334 2122 ferarum,
352 2049 452 2124 inopia
469 2047 527 2105 eibi
541 2049 652 2105 aerior:
672 2048 710 2104 ad
720 2048 775 2104 hoo
784 2054 893 2104 natura
899 2049 1088 2123 serpentium,

198 2147 262 2223 ipsa
280 2145 449 2222 perniciosa,
471 2145 522 2201 siti
543 2143 641 2218 magis,
664 2162 753 2218 quam
773 2144 830 2200 alia
849 2161 889 2215 re,
910 2145 1089 2205 ascenditur.

199 2244 272 2320 Ejus
291 2241 423 2318 potiendi
447 2239 576 2299 Marium
592 2241 720 2303 maxima
738 2241 843 2316 eupido
855 2242 1010 2316 invaserat,
1021 2262 1091 2301 oum

94 2376 97 2381 ,
147 2345 150 2352 '
199 2345 317 2415 propter
330 2357 416 2394 usum
429 2337 507 2406 belli,
522 2343 587 2393 tum
603 2335 672 2411 quia
691 2355 737 2393 res
750 2356 852 2412 aspera
864 2338 1037 2413 videbatur3
1057 2349 1091 2399 et
1199 2372 1200 2413 1

170 2480 172 2483 v
198 2436 339 2493 Metellus
357 2435 496 2511 oppidum
510 2433 631 2491 Thalam
648 2453 753 2511 magna
765 2436 858 2511 gloria
871 2443 994 2513 ceperat,
1008 2437 1091 2496 haud
1199 2434 1200 2483 ἐ

198 2533 380 2590 dissimiliter
399 2533 489 2589 situm
508 2532 714 2608 munitumque
724 2552 733 2604 3
753 2533 812 2590 nisi
825 2532 903 2608 quod
921 2533 999 2608 apud
1012 2532 1090 2592 That—
1127 2594 1132 2601 ,

198 2631 257 2687 lam
276 2629 354 2685 haud
372 2628 490 2703 longea
510 2628 653 2685 moenibus
671 2629 783 2704 aliquot
799 2629 894 2685 fontes
908 2634 999 2699 eraut,
1016 2627 1091 2704 (lap

161 2756 162 2760 1
199 2743 295 2783 sensas
314 2744 375 2781 una
392 2724 485 2790 modo,
504 2729 593 2799 atque
612 2743 647 2780 ea
663 2722 742 2780 intra
758 2723 905 2799 oppidum,
920 2725 986 2800 jugi
1002 2744 1088 2800 aqua,

199 2826 295 2879 cetera
307 2820 408 2896 pluvia
421 2820 587 2877 utebantur.
623 2818 661 2876 Id
671 2820 778 2896 ibique,
790 2827 820 2877 et
834 2821 867 2876 in
880 2821 961 2877 omni
974 2820 1088 2890 Africa,

198 2936 264 2994 quoe
283 2916 384 2993 procul
404 2934 423 2972 a
442 2916 516 2971 mari
535 2914 676 2972 incultius
695 2915 806 2990 agebat,
828 2932 862 2972 eo
881 2914 996 2973 facilius
1015 2915 1091 2972 tole·

198 3013 326 3085 rebatur,
355 3013 426 3088 quia
453 3011 591 3069 Numidae
623 3009 795 3086 plerumque
825 3009 900 3067 laete
933 3016 963 3068 et
994 3002 1091 3069 senilia

199 3128 285 3166 earne
298 3091 496 3179 vescebantur,
510 3122 604 3182 neque
613 3106 710 3177 salem,
725 3125 821 3182 neque
835 3106 893 3164 aliu
904 3107 1090 3166 irritamenta

199 3203 274 3277 gule
293 3205 484 3281 querebant3
511 3204 592 3260 nibus
619 3202 679 3260 illis
698 3203 853 3261 aduersum
872 3204 979 3263 famem
998 3210 1089 3281 atque

201 3301 288 3373 sitim,
303 3321 363 3359 non
376 3299 503 3358 lubidini
515 3316 610 3375 neque
623 3297 757 3369 luxuriae,
772 3304 842 3357 eret.
