2432 3788
176 296 194 353 4
371 290 599 383 sarrosrrr
613 290 864 352 Juooarm„

175 455 238 504 tum
267 444 394 522 primum
422 446 561 520 superbiae
585 444 748 504 nobilitatis
767 448 880 506 obviam
900 449 1059 522 itumestJ

176 560 239 620 quae
268 546 415 600 contentio
438 543 539 600 divina
558 550 588 601 et
607 544 736 607 humana
756 553 858 604 cuncta
879 547 1057 623 permiscuit,

101 670 104 677 ·
175 661 266 717 eoque
289 641 428 698 vecordiae
451 644 596 717 processit,
614 643 661 699 uti
678 644 783 701 studiis
795 646 930 703 civilibus
947 646 1058 703 bellurn

166 748 263 813 ,atque
281 738 402 794 vastitas
422 737 518 794 Italiae
540 739 628 795 finem
647 739 760 796 faceret
803 741 868 810 Sed,
888 742 1059 819 priusquam

174 838 372 914 hujuscemodi
395 837 438 894 rei
459 837 577 893 initium
605 829 734 912 expedio,
757 857 849 913 pauca
869 857 955 914 supra
977 859 1057 916 repe-

174 942 255 1008 tam3
284 954 350 1011 quo,
370 933 408 991 ad
428 934 664 1010 cognoscendum,
693 936 790 991 omnia
809 936 936 993 illustria
955 939 1055 1014 magis,

175 1033 323 1106 magisque
342 1032 375 1087 in
395 1037 494 1107 aperto
514 1031 581 1087 sint.
624 1030 707 1087 Bello
727 1030 838 1087 Punico
852 1032 984 1101 secundo,
998 1053 1057 1108 quo

175 1127 237 1182 dux
260 1108 542 1202 Carthaginiensium
562 1125 720 1198 Hannibal,
740 1132 806 1201 post
824 1128 1056 1202 magnitudinem

174 1223 300 1279 nominis
314 1223 447 1294 Romani,
464 1223 559 1280 Italiae
572 1241 640 1298 opes
649 1225 777 1281 maxime
790 1225 957 1298 adtriverat,
967 1225 1055 1283 Masi-

174 1321 260 1392 nissa,
274 1340 327 1376 rex
340 1319 544 1390 Numidarum,
559 1320 591 1376 in
605 1319 763 1377 amicitiam
776 1327 908 1396 receptus
920 1340 938 1377 a
952 1321 984 1379 P.
998 1322 1056 1379 Sci·

173 1414 265 1490 pione,
288 1415 337 1471 cui
355 1420 455 1489 postea
467 1413 609 1470 Africano
628 1432 785 1489 cognomen
804 1433 841 1470 ex
858 1415 970 1473 virtute
986 1416 1060 1487 fuit,

173 1512 267 1567 multa
287 1519 316 1568 et
342 1510 477 1585 praeclara
500 1510 543 1566 rei
563 1509 697 1566 militaris
717 1511 844 1567 facinora
863 1512 988 1570 fecerat:
1018 1514 1055 1571 ob

173 1628 245 1684 quae,
260 1609 346 1666 victis
361 1607 655 1682 Carthaginiensibus,
675 1614 706 1665 et
722 1615 806 1683 capto
819 1608 957 1684 Syphace,
972 1611 1055 1685 cujus

171 1709 204 1765 in
217 1709 320 1765 Africa
337 1727 476 1783 magnum
489 1713 577 1782 atque
595 1707 654 1763 late
674 1708 828 1784 imperium
846 1709 950 1781 valuit,
966 1727 1055 1784 popu-

172 1805 218 1862 lus
238 1805 396 1875 Romanus,
414 1822 609 1879 quascumque
627 1804 712 1861 urbes
728 1811 758 1861 et
776 1822 859 1880 agros
874 1824 963 1860 manu
976 1824 1054 1882 cepe

171 1907 226 1971 rat,
244 1900 306 1976 regi
324 1900 398 1956 douo
417 1900 504 1958 dedit.
547 1899 645 1975 Igitur
662 1900 791 1957 amicitia
803 1899 965 1958 Masinissae
978 1902 1054 1959 bona

171 2003 259 2072 atque
276 1996 398 2052 honesta
418 1996 501 2051 nobis
518 1996 697 2071 permansit:
717 1995 831 2070 imperii
846 1995 972 2070 vitaeque
992 1996 1054 2070 ejus

170 2094 237 2150 finis
259 2095 337 2150 idem
360 2093 425 2149 fuit,
468 2091 546 2148 Dein
569 2091 701 2166 Micipsa,
726 2091 810 2162 filius,
832 2110 954 2166 regnum
975 2092 1053 2148 solus

170 2190 306 2261 obtinuit,
320 2188 521 2245 Mastanabale
534 2195 565 2244 et
579 2187 711 2258 Gulussa,
726 2187 873 2259 fratribus,
888 2188 988 2244 morbo
1005 2188 1053 2244 ab

170 2285 282 2340 sumtis.
324 2283 356 2340 Is
376 2282 574 2340 Adherbalem
598 2288 628 2340 et
648 2282 847 2359 Hiempsalem
867 2301 904 2339 ex
924 2302 984 2341 sese
1003 2303 1051 2359 ge·

169 2382 237 2436 nuit
247 2400 255 2452 3
270 2380 291 2438 J
293 2380 513 2456 ugurthamque,
525 2379 734 2436 Mastanabalis
742 2379 841 2436 fratris
849 2380 950 2450 filiurn,
961 2399 1049 2456 quem

170 2477 332 2547 Masinissa,
360 2477 437 2553 quod
463 2482 544 2534 ortus
572 2494 610 2533 ex
629 2478 789 2533 concubina
808 2483 879 2550 erat,
900 2479 1049 2553 privatum

138 2562 145 2577 ⁸
169 2572 368 2647 dereliquerat,
389 2571 487 2628 eodem
509 2571 598 2641 cultu,
617 2590 675 2646 quo
693 2571 798 2628 liberos
817 2591 890 2644 suos,
905 2571 984 2628 domi
1003 2572 1051 2629 ha

169 2670 242 2725 buit.

227 2764 285 2820 VI.
328 2765 387 2833 Qui
399 2766 451 2821 ubi
463 2765 591 2840 primum
604 2764 740 2835 adolevit,
753 2763 865 2839 pollens
872 2761 992 2832 viribus,
1004 2763 1050 2819 de-

149 2857 234 2917 'cora
247 2859 327 2930 facie,
353 2860 403 2916 sed
418 2860 512 2916 multo
533 2859 659 2915 maxime
677 2859 793 2934 ingenio
811 2857 931 2929 validus,
948 2876 1008 2914 non
1021 2876 1051 2914 se

87 3010 88 3013 ,
167 2957 249 3026 luxu,
262 2975 358 3031 neque
370 2956 483 3013 inertiae
493 2956 736 3030 corrumpendum
745 2954 844 3025 dedit;
864 2954 921 3023 sed,
935 2954 981 3010 uti
989 2971 1051 3009 mos

167 3053 263 3126 gentis
276 3051 355 3107 illius
369 3057 421 3120 est,
441 3052 580 3126 equitare,
595 3049 727 3125 jaculari,
746 3068 833 3105 cursu
850 3067 918 3106 oum
936 3049 1050 3124 squali-

166 3149 221 3205 bus
241 3156 370 3207 certare:
390 3154 428 3220 et,
449 3168 516 3206 cum
535 3167 634 3206 omnes
653 3148 745 3224 gloria
764 3146 896 3217 anteiret,
917 3147 1050 3203 omnibus

167 3251 266 3302 tamen
276 3264 363 3303 carus
376 3263 456 3304 esse:
475 3245 512 3302 ad
525 3245 587 3315 hoc,
606 3244 744 3320 pleraque
756 3249 888 3318 tempora
900 3241 931 3299 in
944 3261 1049 3298 venan-

168 3340 206 3397 do
218 3358 309 3415 agere,
329 3341 440 3398 leonem
462 3346 551 3417 atque
563 3340 635 3396 alias
653 3340 727 3396 feras
744 3338 865 3413 primus,
881 3335 977 3392 autin
990 3335 1047 3409 pri·

167 3435 223 3491 mis
231 3435 330 3494 ferire:
351 3438 511 3512 plurimum
519 3438 619 3510 facere,
631 3437 786 3494 minimum
796 3436 857 3511 ipse
867 3435 903 3493 de
916 3452 946 3491 11
958 3431 1045 3508 loqui.
