2426 3786
199 259 241 317 46
418 254 520 317 slat
528 255 643 315 USTII
660 248 865 316 CATILINA.

262 410 346 470 LIX„
376 409 450 469 Hoea
459 411 510 468 ubi
520 410 606 484 dixit,
618 410 783 487 paullulum
792 414 994 483 commoratus,
1003 408 1087 487 signa

198 525 304 566 esnone
312 507 406 583 jubet,
421 512 510 582 atquo
519 506 679 564 instructos
688 506 805 564 ordinas
817 507 850 564 in
860 506 955 573 locum
969 524 1087 583 oequnm
1204 514 1205 529 ¹

203 604 339 662 deduoit:
359 602 437 674 dein,
458 603 578 661 remotis
597 603 729 660 omnium
749 603 840 680 equis,
861 622 920 679 quo
932 602 1085 675 militibus,

201 705 354 777 exaequato
372 697 508 776 periculo,
532 698 649 756 animus
667 698 792 775 amplior
810 708 894 770 esset,
917 699 981 776 ipse
1000 697 1087 774 pedes

202 795 371 866 exercitum,
391 813 444 871 pro
463 794 526 852 loeo
545 801 634 871 atque
654 796 751 871 copiis,
768 793 897 853 instruit
939 794 1027 863 Nam,
1040 795 1088 852 nti

202 892 337 969 planities
362 897 427 949 erat
451 891 530 949 inter
555 891 690 948 sinistros
711 894 835 962 montes,
854 897 894 962 et,
915 890 953 947 ab
972 889 1084 962 dextra,

201 1005 289 1063 rupes
301 1005 409 1063 aspera,
429 990 496 1044 ooto
511 985 643 1043 cohortes
662 985 695 1042 in
713 985 810 1043 fronte
828 984 1001 1043 eonstituit:
1020 983 1086 1041 relib

202 1103 261 1160 qua
279 1084 361 1159 signa
380 1082 412 1140 in
432 1081 560 1140 subsidio
573 1082 681 1139 aretine
694 1080 823 1139 eollooat
863 1080 915 1137 Ab
928 1078 975 1137 his
987 1084 1086 1144 uentu

201 1179 297 1235 riones
309 1195 409 1235 omnes
421 1177 520 1250 laotos,
535 1184 566 1234 et
579 1182 720 1251 evocatos,
735 1181 877 1253 praeterea
893 1194 932 1233 ex
949 1175 1087 1252 gregariis

200 1274 345 1333 militibus
373 1275 517 1352 optimum
547 1292 692 1351 quemque
722 1279 876 1346 armatum,
904 1272 937 1330 in
962 1272 1087 1348 primam

201 1371 293 1428 aciem
313 1370 456 1428 subducit
499 1368 530 1428 0.
546 1366 739 1426 Manlinmin
752 1367 880 1440 dextera,
902 1366 1087 1425 remmam
1161 1414 1169 1431 ,

198 1466 357 1543 quemdam
375 1466 409 1523 in
429 1465 548 1523 sinistra
571 1470 656 1540 parte
682 1482 784 1522 aurare
809 1463 914 1539 jubet:
941 1463 1003 1539 ipse
1022 1468 1088 1520 tum
1208 1522 1209 1527 χ

201 1560 314 1620 libertis
327 1566 358 1618 et
370 1559 480 1619 colonis
492 1566 612 1636 propter
623 1544 752 1636 aquilam
765 1558 888 1630 adsistit,
904 1576 1002 1635 quam,
1011 1557 1088 1615 bello

201 1655 357 1728 (limbrioo,
378 1655 411 1721 0,
433 1655 548 1712 Marius
567 1655 600 1711 in
620 1655 753 1712 exercitu
771 1654 907 1711 habuisse
930 1653 1085 1713 dioebatnr.
1209 1696 1210 1721 ,

200 1749 306 1809 Atax
324 1751 417 1808 altera
435 1754 519 1826 parte
539 1750 571 1808 0.
586 1750 748 1817 Antonius,
768 1750 890 1826 pedibus
909 1767 992 1824 ager,
1009 1749 1087 1825 quod

200 1844 301 1922 praelio
319 1845 418 1903 adessa
437 1846 586 1922 nequibat,
609 1845 651 1904 M„
672 1844 790 1903 Petreio
809 1845 906 1922 legato
925 1844 1087 1903 exereitum

200 1941 356 2016 permittit
367 2000 370 2005 ,
384 1940 441 1998 ille
453 1941 584 1999 cohortes
597 1947 756 2013 veteranas,
768 1960 840 2018 quas
852 1940 976 1998 tumulti
987 1959 1088 2000 caussa
1210 1936 1211 1945 ’

200 2026 423 2113 conscripserat,
437 2037 469 2093 in
488 2037 584 2095 fronte
593 2056 603 2110 3
623 2042 690 2113 post
709 2056 764 2109 eas,
786 2043 914 2095 aeterum
927 2036 1087 2095 exereitum

200 2133 231 2190 in
247 2133 382 2191 subsidiis
394 2132 478 2190 loaat
521 2132 589 2209 Ipse
609 2152 684 2210 equo
703 2133 883 2204 circumiens,
897 2152 1087 2210 unumquem-
1210 2178 1211 2195 ἢ

201 2247 259 2304 que
268 2228 421 2285 nominans
430 2226 566 2302 adpellat,
577 2227 720 2300 hortatur,
731 2233 822 2303 rogat,
830 2227 878 2284 uti
889 2227 1085 2299 meminerint,
1210 2236 1211 2285 ξ

200 2342 233 2381 ae
246 2327 347 2380 eontra
361 2322 488 2380 latrones
501 2322 635 2396 inermes,
649 2342 703 2399 pro
714 2323 817 2400 patria,
837 2342 890 2399 pro
908 2323 1015 2396 liberis,
1033 2343 1086 2401 pro

200 2418 260 2476 aris
279 2423 369 2492 atque
387 2416 458 2474 loeis
478 2417 546 2489 suis,
567 2436 692 2477 oernera
734 2416 834 2475 Homo
847 2417 994 2490 militaris,
1008 2419 1086 2495 quod

201 2512 326 2588 amplius
347 2530 438 2569 annos
458 2511 581 2588 triginta
603 2513 749 2585 tribunus,
775 2518 830 2573 aut
851 2513 1013 2590 praefectus,
1033 2521 1087 2571 aut
1210 2558 1211 2561 η

202 2609 322 2685 legatus,
334 2613 386 2664 aut
395 2617 509 2684 praetor,
522 2627 589 2666 eum
601 2627 708 2685 magna
716 2608 809 2685 gloria
819 2609 922 2681 iuerat,
933 2610 1085 2688 plerosque

200 2704 279 2780 ipsos
303 2703 438 2779 factaque
460 2721 561 2761 eorum
587 2704 675 2762 fortia
697 2710 838 2763 noverat:
861 2724 896 2762 ea
917 2723 1086 2765 oommemo·

114 2823 120 2827 ·
201 2799 294 2859 nando
306 2799 435 2856 militum
448 2799 559 2856 animos
571 2799 753 2859 accendebat

261 2886 327 2952 LX
369 2893 427 2951 Sed
439 2895 499 2966 ubi,
514 2894 648 2952 omnibus
666 2897 753 2970 rebus
772 2896 937 2973 exploratis,
952 2897 1087 2957 Petreius

202 2988 275 3046 tuba
294 2989 411 3064 signum
430 2989 489 3060 dat,
511 2988 645 3048 eohortes
663 2990 817 3066 paullatim
830 2993 964 3051 incedere
978 2995 1066 3071 jubet
1076 3016 1085 3069 ;

202 3086 281 3143 idem
298 3085 370 3145 facit
386 3084 515 3142 hostium
536 3086 689 3146 exereitus.
731 3086 891 3164 Postquam
912 3109 946 3148 eo
964 3096 1086 3149 ventum

203 3190 256 3255 est,
262 3185 366 3242 undea
374 3184 539 3242 ferentariis
549 3185 683 3261 praelium
692 3186 836 3244 committi
849 3193 953 3263 posset,
958 3188 1087 3245 maximo

199 3279 329 3337 elamore
341 3299 408 3338 oum
421 3280 536 3338 infestis
548 3280 640 3358 signis
652 3287 832 3340 concurrunt
836 3301 846 3355 ;
860 3283 922 3359 pila
928 3284 1084 3355 omittunt;
1104 3304 1112 3316 *

204 3373 309 3450 gladiis
321 3393 367 3433 res
379 3375 498 3455 geritur.
539 3376 690 3451 Veterani,
704 3378 838 3456 pristinae
846 3378 966 3440 vittatis
979 3395 1086 3436 memo·
