2426 3786
158 295 159 298 ¹
207 255 244 326 1'4
411 254 648 323 ulmum!
671 260 874 326 CATILINA.

193 418 296 474 'vitam
304 416 443 474 'miseram
455 421 545 493 atque
557 415 749 489 inhonestam,
770 417 821 473 ubi
834 415 934 474 alienae
947 417 1089 493 superbiae

189 514 328 573 ludibrio
346 514 444 585 fueris,
466 532 518 588 per
537 513 661 571 dedecus
681 513 835 571 amitteret
874 512 989 572 Verum
1009 515 1087 572 enim

203 629 280 682 vero,
303 610 466 687 prodeam
489 616 577 685 atque
602 609 756 666 hominum
781 609 889 667 fidem!
910 609 1036 667 viotoria
1053 609 1089 673 in

202 726 292 764 manu
304 708 388 764 nobis
401 711 463 777 eat3
485 707 566 782 riget
578 711 656 777 aetaa,
671 706 786 762 animus
795 705 890 778 valet3
906 706 1085 779 eontraillia,

188 804 287 860 *annia
307 808 395 880 atque
421 803 543 873 divitiis,
571 802 670 858 omnia
696 806 917 860 oonsenuerunt.
958 801 1087 859 nanuum

203 901 290 957 modo
306 900 423 976 incepto
439 917 512 976 opus
531 903 592 958 eet:
613 903 710 956 uetera
721 916 769 954 rea
781 896 923 972 expediet
966 895 1087 953 Etenim

201 998 267 1072 quis
286 996 463 1067 mortalium,
484 996 532 1053 eui
551 995 635 1053 virile
654 995 813 1069 ingenium,
839 992 961 1051 tolerare
979 999 1084 1069 puteat,

200 1093 261 1150 illis
279 1093 399 1150 divitias
418 1112 561 1169 superare,
575 1111 647 1168 quaa
660 1091 838 1167 profundant
857 1091 889 1147 in
908 1092 1086 1148 exstruendo

200 1189 275 1245 mari
295 1194 325 1245 et
344 1189 492 1246 montibus
511 1188 691 1264 coaequandis
700 1205 710 1260 3
729 1187 813 1244 nobie
830 1204 893 1243 rem
913 1186 1085 1244 familiarem

201 1285 290 1341 etiam
309 1285 347 1342 ad
365 1285 525 1342 necessaria
542 1284 659 1341 deesset
679 1283 746 1340 illos
765 1283 855 1353 binae,
877 1287 930 1339 aut
949 1282 1082 1357 amplius,

200 1378 300 1437 domoe
319 1381 490 1438 continuare
498 1401 508 1453 3
531 1380 616 1437 nobie
635 1380 727 1437 larem
746 1378 920 1436 familiarem
938 1397 1084 1454 nusquam

199 1475 293 1533 ullum
310 1478 391 1535 esset
432 1476 508 1535 Cum
527 1477 651 1544 tabulas,
671 1476 762 1552 aigne,
783 1480 947 1532 toreumata
960 1480 1063 1531 emunt
1072 1494 1082 1547 3

198 1588 276 1628 nova
290 1572 422 1644 diruunt,
443 1573 501 1629 alia
520 1573 666 1630 aedificant
675 1592 685 1646 3
705 1579 850 1648 postremo
869 1572 1005 1629 omnibus
1024 1589 1084 1626 mo·

198 1666 243 1723 die
255 1667 408 1742 pecuniam
420 1667 552 1743 trahunt,
565 1675 694 1742 vexant3
714 1675 813 1726 tamen
826 1687 939 1725 summa
951 1668 1083 1725 lubidine

197 1760 316 1820 divitiae
329 1765 444 1822 vincere
456 1771 616 1841 nequeunt.
657 1764 703 1822 At
716 1765 800 1821 nobis
813 1770 857 1820 eet
876 1763 956 1820 domi
974 1763 1081 1838 inopia,

196 1857 267 1915 foris
280 1877 319 1916 aes
331 1859 475 1933 alienum3
495 1861 573 1917 mala
585 1880 640 1934 res,
658 1879 723 1937 epea
735 1860 829 1917 multo
842 1859 982 1935 asperior:
1004 1859 1081 1917 deni·

196 1973 261 2028 que,
282 1955 354 2030 quid
373 1957 479 2033 reliqui
497 1957 645 2028 habemus,
659 1963 766 2034 proeter
784 1957 919 2015 miseram
933 1958 1080 2016 animaml

197 2051 277 2120 Quin
290 2054 383 2129 igitur
396 2054 652 2135 expergisciminil
692 2053 741 2111 En
759 2054 820 2124 illa,
840 2053 993 2129 illaquam
1006 2073 1079 2130 saepe

196 2147 328 2221 optastis,
349 2146 478 2220 libertas,
500 2153 640 2224 praeterea
658 2148 778 2221 diviua,
797 2148 893 2219 decue,
921 2148 1019 2224 gloria,
1047 2149 1079 2205 in

196 2242 286 2299 oeulis
312 2243 370 2300 sita
395 2246 482 2303 auntl
509 2245 628 2301 fortuna
653 2245 751 2301 omnia
776 2244 936 2301 victoribus
961 2245 1079 2320 praemia

195 2337 300 2411 posuit
350 2337 418 2411 Res,
442 2345 566 2417 tempus,
591 2341 725 2418 pericula,
751 2346 869 2417 egestae,
894 2341 965 2398 belli
988 2340 1078 2416 apelia

194 2434 348 2510 magnifica
366 2437 466 2512 magia,
484 2456 573 2513 quam
592 2437 692 2504 oratio,
707 2437 869 2494 hortentur.
910 2435 970 2494 Vel
989 2436 1077 2513 impe-

196 2536 292 2588 ratore
310 2531 359 2589 vel
378 2532 473 2590 milite
496 2551 544 2589 me
567 2533 706 2590 utimini:
734 2551 829 2609 neque
848 2531 964 2591 animus
981 2550 1076 2608 neque

195 2646 297 2703 eorpus
315 2646 335 2684 a
352 2629 435 2686 vobis
454 2630 555 2689 aberit.
597 2629 672 2688 Haeo
690 2630 761 2706 ipsa,
774 2635 811 2687 ut
823 2647 913 2705 spero,
927 2629 1076 2687 vobiaoum

193 2745 254 2782 una
273 2725 373 2783 conoul
392 2745 493 2802 agam3
512 2729 571 2787 nisi
589 2729 665 2786 forte
684 2729 799 2785 animus
812 2727 897 2800 fallit,
912 2732 943 2785 et
956 2745 1008 2783 vos
1020 2746 1076 2784 aer·

193 2821 264 2892 vire,
279 2839 367 2897 quam
380 2821 530 2898 imperare,
543 2824 640 2898 parati
652 2822 748 2882 estiass'

206 2916 344 2977 XXI
386 2916 546 2994 Postquam
572 2937 706 2996 aooepere
735 2938 770 2978 ea
801 2918 941 2991 homines,
970 2858 1075 2996 quibua

192 3016 269 3073 mala
288 3014 404 3072 abunde
424 3017 522 3073 omnia
540 3022 632 3089 erant,
650 3017 701 3074 aed
714 3036 810 3094 neque
822 3036 876 3088 res,
898 3034 994 3093 neque
1012 3035 1075 3092 apes

193 3112 269 3169 bona
281 3112 358 3184 nlla3
378 3119 479 3171 manen
492 3113 546 3169 etsi
558 3112 618 3170 illia
630 3114 731 3189 quieta
750 3131 866 3171 movere
884 3132 990 3189 magna
1002 3133 1074 3170 mer·

188 3222 240 3264 *oea
252 3209 415 3278 videbatur,
427 3214 527 3267 tamen
536 3208 682 3285 postulare
691 3210 830 3288 plerique,
841 3209 1073 3287 utiproponeret
1186 3270 1192 3281 Δ

192 3320 258 3377 quae
271 3303 398 3363 conditio
410 3306 481 3364 belli
500 3308 574 3366 foret
583 3327 594 3382 3
615 3326 678 3385 quae
690 3308 809 3385 praemia
821 3308 910 3366 armis
921 3313 1071 3384 peterent-3

188 3397 264 3475 quid
283 3399 391 3478 ubique
409 3404 473 3481 opio
492 3410 545 3464 aut
558 3405 637 3483 ‘spei
657 3405 807 3466 haberent.
848 3405 923 3462 Tum
945 3402 1071 3461 Catilina
