2426 3790
180 265 217 321 82
382 261 606 320 SALLUSTII
629 261 656 320 J
659 260 867 321 UGURTHA.

178 416 254 474 fuit:
275 416 324 472 sed
338 434 404 471 cum
420 421 517 471 turma
532 434 592 486 sus,
609 434 699 491 quum
720 434 758 471 ex
775 412 939 471 fortissimis
961 410 1062 488 magis,

178 532 264 589 quam
295 510 533 582 familiarissimis,
565 515 728 587 paraverat,
749 509 849 585 vagari
873 509 999 585 passim:
1029 527 1065 565 ao

177 608 263 664 modo
284 607 482 663 laborantibus
505 607 565 664 suis
585 622 758 675 succurrere,
779 604 866 661 modo
884 604 990 675 hostes,
1010 603 1064 659 ubi

177 708 379 767 confertissimi
403 705 584 774 obstiterant,
612 700 772 758 invadere:
800 718 891 756 manu
915 697 1064 761 consulere

177 808 327 876 militibus,
341 804 478 881 quoniam
487 803 637 877 imperare,
653 797 833 856 conturbatis
847 796 990 867 omnibus,
1002 815 1063 852 uon

178 910 298 979 poterat.
347 903 473 977 Jamque
493 900 554 956 dies
578 902 746 954 consumtus
776 901 847 966 eret,
877 913 942 951 cum
963 899 1061 950 tamen

179 998 292 1055 barbari
304 997 379 1054 nihil
392 996 548 1066 remittere,
571 1000 667 1068 atque,
688 991 735 1048 uti
753 1009 835 1066 reges
856 996 1062 1065 praeceperant,

177 1100 290 1151 noctem
310 1111 362 1169 pro
382 1111 412 1148 se
433 1091 499 1161 rati,
520 1088 616 1146 corius
634 1086 751 1144 instcrc.
793 1085 869 1142 Tum
893 1084 1007 1141 Marius
1024 1103 1063 1141 ex

176 1192 257 1265 copia
276 1210 372 1247 rerum
386 1187 539 1245 consilium
554 1184 654 1254 trahit,
674 1188 770 1257 atqua,
791 1182 837 1238 uti
854 1181 915 1238 suis
932 1182 1062 1257 receptui

176 1286 256 1343 locus
273 1292 354 1356 esset,
373 1285 460 1342 colles
478 1283 550 1339 duos
570 1280 748 1357 propinquos
768 1279 847 1335 inter
867 1297 898 1336 se
920 1284 1061 1352 occupat:

176 1402 298 1460 quorum
318 1384 350 1439 in
365 1400 433 1452 uno,
453 1379 556 1437 castris
571 1395 675 1454 pamm
688 1374 793 1451 amplo,
808 1374 874 1431 fons
886 1393 968 1451 aquo
982 1394 1062 1450 mag·

175 1499 230 1536 nus
250 1485 313 1536 erut
323 1499 331 1550 3
356 1479 430 1535 alter
448 1475 515 1534 usui
536 1480 723 1550 opportunus,
753 1471 830 1546 quia,
852 1489 959 1545 magna
978 1477 1063 1546 parto

176 1575 270 1632 editus
284 1581 313 1630 et
326 1591 459 1649 praeoeps,
478 1590 570 1647 pauca
586 1568 768 1624 munimenta
780 1567 936 1642 qusersbut
978 1567 1062 1624 Octo·

175 1691 239 1729 rum
254 1671 332 1747 apud
344 1690 450 1746 aquam
464 1669 575 1726 Sullam
588 1685 654 1724 cum
664 1664 812 1741 equitibus
821 1670 935 1721 noctem
951 1664 1063 1740 agitare

171 1772 264 1845 jubet
307 1769 374 1845 Ipse
387 1767 540 1845 paullatim
556 1767 698 1842 dispersos
714 1763 831 1831 milites,
847 1782 942 1838 noque
963 1764 1062 1821 minus

175 1868 305 1925 hostibus
320 1866 508 1936 conturbatis,
522 1864 556 1921 in
569 1881 658 1920 unum
675 1860 840 1918 contrahit:
861 1860 928 1916 dein
942 1866 1062 1916 cunctos

174 1963 261 2038 pleno
280 1962 373 2037 gradu
391 1962 423 2018 in
439 1962 541 2018 collem
558 1958 702 2016 subducit
745 1957 794 2012 Ita
815 1974 895 2032 reges
910 1954 967 2012 loci
990 1954 1063 2012 diffi-

175 2057 284 2114 cultate
306 2056 405 2127 coacti,
426 2055 525 2131 praelio
546 2055 751 2126 deterrentur;
771 2074 865 2130 neque
882 2061 981 2112 tamen
994 2073 1062 2112 suos

174 2151 290 2226 longius
317 2151 397 2208 abiro
423 2152 533 2220 sinunt,
557 2150 615 2221 ssd,
637 2157 762 2225 utroque
782 2151 854 2208 colle
871 2150 1062 2209 multitudino

175 2247 360 2319 circumdato,
390 2245 474 2304 effusi
499 2247 659 2306 consedere.
701 2246 786 2319 Dein,
818 2246 925 2304 crebris
943 2247 1063 2323 ignibus

175 2343 267 2414 factis,
291 2344 461 2419 plerumque
481 2342 574 2401 noctis
593 2342 709 2399 barbari
729 2361 781 2399 suo
801 2341 995 2414 moretonii,
1009 2360 1060 2397 ex·

175 2438 290 2510 sultare,
312 2443 439 2514 strepere
457 2436 596 2494 vocibus:
624 2443 655 2494 ct
674 2437 731 2512 ipsi
750 2437 836 2494 duces
856 2437 969 2509 feroces,
990 2437 1062 2512 quis

174 2552 234 2589 non
253 2533 395 2607 fugerent,
422 2551 476 2608 pro
502 2532 664 2589 victoribus
690 2552 782 2608 agere.
825 2531 882 2590 Sed
902 2552 936 2590 ea
955 2541 1061 2590 cuncta

175 2627 325 2698 Romanis,
346 2646 384 2684 ex
401 2627 528 2685 tenebris
544 2634 575 2683 et
592 2627 763 2685 editioribus
782 2628 860 2700 locis,
882 2629 978 2687 fusilis
993 2629 1060 2685 'visu

174 2741 336 2798 magnoque
348 2721 532 2780 hortamento
545 2729 638 2781 erant.

233 2819 352 2878 XOIX.
393 2819 558 2890 Plurimum
567 2840 637 2877 vero
651 2820 1060 2897 Moriusimpsritishostium

175 2916 369 2987 confirmatus,
386 2934 475 2992 quam
493 2917 655 2976 maximum
673 2916 823 2974 silentium
835 2918 936 2975 haberi
952 2917 1059 2994 jubet:

174 3030 211 3075 ne
231 3011 314 3087 signa
332 3012 459 3087 quidem,
492 3012 538 3070 uti
556 3033 610 3089 per
629 3013 745 3089 vigilius
772 3013 911 3086 solebant,
939 3033 1059 3073 canere:

174 3107 285 3179 deinde,
307 3108 359 3166 ubi
378 3108 432 3166 lux
449 3108 636 3182 adventabat,
658 3110 775 3168 defessis
791 3110 854 3185 jam
867 3111 1006 3182 hostibus,
1029 3119 1061 3169 et

175 3201 272 3275 paullo
290 3209 358 3260 ante
375 3221 476 3262 somno
493 3205 593 3280 captis,
618 3205 654 3262 dc
676 3205 835 3281 improviso
855 3206 966 3282 vigiles,
985 3207 1060 3264 item

176 3289 345 3370 cohortium,
356 3304 528 3372 turmarum,
540 3301 687 3376 legionum
697 3301 848 3372 tubicines,
860 3300 947 3358 simul
960 3320 1059 3359 omnes

176 3390 258 3466 signa
277 3411 385 3466 canere,
414 3395 521 3453 milites
545 3396 698 3455 clamorem
721 3397 831 3469 tollere,
852 3403 940 3472 atquc
965 3396 1059 3472 portis
