2426 3790
351 276 573 340 slnrusrlr
593 278 621 337 J
623 278 830 340 UGURTHA.
998 285 1036 344 69

149 448 266 493 novum.
298 435 369 503 Quae
382 435 427 492 illi
439 418 540 492 addire
550 442 580 492 et
587 433 682 511 legere
695 435 797 507 solent,
812 452 912 493 eorum
922 442 1036 511 partem

149 533 219 603 vidi,
230 531 289 588 alia
301 537 414 606 egomet
426 532 520 606 gessi:
544 531 608 607 quie
621 531 667 588 illi
684 531 787 603 literis,
808 550 860 607 ego
880 530 1035 589 militando

149 627 245 684 didici.
287 626 319 683 N
321 646 377 684 une
398 646 451 684 voa
471 628 648 700 existimate,
671 629 751 685 faeta
776 648 814 686 an
841 630 920 686 dicta
942 629 1035 705 pluris

149 724 217 782 sint.
259 722 460 781 Contemnunt
479 725 641 783 novitatem
662 742 755 782 meam
766 746 775 798 3
797 745 849 802 ego
863 727 980 784 illorum
993 728 1034 804 ig

148 820 283 876 naviam:
308 819 381 875 mihi
394 819 588 891 fortuna‚illis
602 821 706 896 probra
716 821 901 896 objectantur
906 841 915 894 ;
934 842 1034 898 quam·
1122 838 1128 848 ·

148 934 236 990 quam
257 933 309 989 ego
328 921 464 971 naturam
483 934 572 972 unam
591 921 621 973 et
641 935 823 974 communem
840 918 972 974 omnium
985 930 1034 976 ex·

147 1010 254 1080 istimo,
265 1010 314 1066 sed
328 1010 519 1067 fortissimum
533 1030 677 1087 quemque
690 1013 948 1086 generosissimum.
973 1014 1032 1086 Ac,

147 1105 173 1162 si
189 1105 252 1180 jam
271 1125 309 1163 ex
331 1105 464 1180 patribus
483 1105 588 1163 Albini
609 1113 662 1163 aut
686 1107 792 1165 Bestiae
818 1110 910 1184 quaeri
927 1117 1032 1185 posset,

147 1214 239 1271 mene,
253 1220 292 1257 an
304 1200 378 1271 illos,
393 1220 430 1258 ex
443 1220 474 1258 se
489 1200 570 1276 gigni
583 1202 748 1274 maluerint,
763 1203 835 1278 quid
848 1222 1033 1278 responsuros

147 1295 273 1366 creditis,
286 1296 350 1366 nisi,
367 1314 427 1352 sese
437 1296 543 1353 liberos
552 1314 640 1372 quam
650 1299 775 1373 optimos
786 1298 926 1356 voluisse?
947 1299 1032 1373 Quod

146 1393 172 1449 si
181 1393 249 1468 jure
261 1412 308 1449 me
322 1393 493 1468 despiciunt,
504 1393 613 1451 faciant
625 1394 702 1451 idem
716 1395 873 1470 majoribus
885 1397 952 1466 suis,
968 1397 1032 1472 qui·

146 1489 208 1561 bus,
227 1490 272 1546 uti
298 1490 379 1562 mihi,
399 1506 437 1547 ex
457 1493 569 1548 virtute
590 1492 729 1549 nobilitas
752 1493 847 1567 coepit.
890 1490 1031 1550 Invident

145 1585 250 1642 honori
270 1605 335 1643 meo
345 1607 354 1659 3
379 1602 447 1662 ergo
469 1586 622 1644 invideant
638 1587 738 1658 labori,
755 1587 937 1660 innocentiae,
956 1588 1032 1663 peri·

63 1756 68 1761 ι
146 1684 219 1740 culis
232 1685 320 1740 etiam
333 1684 414 1756 meis,
428 1685 566 1760 quoniam
578 1702 631 1760 per
643 1685 704 1742 haee
717 1685 802 1741 illum
815 1686 886 1761 cepi.
915 1683 1031 1743 Verum

145 1779 277 1836 homines
303 1781 432 1854 corrupti
459 1781 593 1855 superbia
615 1781 659 1837 ita
683 1787 800 1838 aetatem
826 1788 925 1857 agunt,
947 1783 1031 1858 quasi

145 1881 256 1932 vestros
283 1875 405 1932 honores
432 1881 620 1932 contemnant
630 1894 640 1948 ;
668 1877 710 1934 ita
736 1876 789 1933 hos
812 1882 926 1952 petunt,
947 1878 1031 1952 quasi

144 1970 265 2027 honeste
278 1971 416 2029 vixerint.
457 1969 514 2027 Nee
527 1970 572 2027 illi
585 1972 650 2028 falsi
668 1978 747 2042 sunt,
761 1972 813 2047 qui
825 1971 1031 2029 diversissimas

144 2086 191 2126 ros
206 2069 317 2144 pariter
335 2073 512 2142 exspectant,
528 2068 651 2143 ignaviae
665 2068 855 2144 voluptatem,
869 2074 901 2125 et
913 2068 1031 2143 praemia

144 2163 272 2222 virtutis,
313 2163 414 2239 Atque
434 2164 524 2220 etiam
543 2183 610 2220 oum
630 2163 708 2239 apud
727 2178 787 2234 vos,
801 2173 853 2221 aut
871 2164 903 2224 in
916 2170 1029 2236 senatu,

144 2260 235 2317 verba
244 2260 362 2332 faciunt,
372 2259 509 2335 pleraque
518 2259 777 2334 orationemajores
785 2256 852 2317 su'os
862 2259 1008 2317 extollunt
1021 2278 1028 2319 t

144 2375 245 2414 eorum
265 2357 351 2413 fortia
374 2355 451 2413 iaota
470 2355 655 2412 memorando
676 2355 810 2413 clariores
828 2375 889 2413 sese
912 2363 1027 2431 putant.

145 2454 230 2522 Quod
243 2460 345 2511 'eontra
357 2459 419 2510 est:
438 2471 516 2522 nam,
528 2458 639 2528 quanto
651 2453 714 2508 vita
726 2452 844 2514 illorum
857 2454 1028 2529 praeclarior,

143 2555 228 2607 tanto
249 2549 353 2606 horum
373 2548 501 2605 secordia
522 2548 698 2623 flagitiosior.
741 2547 781 2604 Et
799 2550 928 2623 profeoto
942 2551 986 2606 ita
998 2569 1029 2609 se

143 2664 189 2703 res
208 2644 314 2702 habet:
334 2643 477 2718 majorum
492 2642 584 2718 gloria
600 2643 722 2717 posteris
741 2642 841 2700 lumen
861 2650 913 2715 est,
934 2664 1029 2720 neque

143 2742 219 2797 bona
231 2758 326 2814 noque
336 2737 413 2794 mala
425 2739 458 2794 in
472 2738 584 2794 oooulto
598 2737 717 2812 patitur.
760 2737 893 2814 Hujusoe
912 2741 956 2797 rei
975 2758 1028 2814 ego

142 2836 271 2912 inopiam
284 2836 386 2911 patior,
403 2834 531 2903 Quirites
541 2853 550 2906 ;
570 2852 681 2904 verum,
696 2834 728 2892 id
746 2836 823 2911 quod
842 2837 936 2895 multo
956 2856 1028 2912 prae·

142 2931 248 2988 clarius
274 2937 326 3001 est,
353 2936 479 2988 meamet
506 2917 583 2986 saeta
608 2929 682 2987 mihi
705 2931 799 2987 dicere
819 2931 894 2988 lieet.
937 2931 1026 2988 Nunc

142 3028 248 3099 videte,
263 3046 350 3103 quam
364 3025 459 3102 iniqui
480 3026 550 3084 sint.
589 3025 674 3093 Quod
687 3044 724 3081 ex
737 3025 833 3082 alieno
845 3028 957 3083 virtute
970 3026 1026 3083 sibi

142 3124 292 3199 adrogant,
300 3123 332 3180 id
345 3122 419 3179 milri
432 3141 469 3178 ex
482 3142 547 3179 mea
560 3140 619 3178 non
629 3122 808 3180 concedunt:
825 3122 940 3195 scilieet,
956 3124 1026 3198 quia

142 3219 283 3293 imagines
295 3237 355 3275 non
370 3218 469 3288 habeo,
485 3224 516 3292 et
527 3218 597 3294 quia
616 3217 689 3273 mihi
708 3237 785 3274 nova
803 3217 943 3275 nobilitas
960 3228 1023 3293 est3

142 3332 230 3391 quam
243 3319 320 3371 certe
332 3314 476 3389 peperisse
488 3314 592 3370 melius
606 3318 657 3384 est,
671 3331 759 3388 quam
772 3319 917 3387 acceptam
930 3332 1026 3372 corru-

141 3411 226 3488 pisse.
266 3410 411 3487 Equidem
424 3426 477 3488 ego
499 3429 560 3468 non
585 3410 694 3486 ignoro,
722 3409 748 3480 si
769 3408 833 3484 jam
852 3411 1024 3485 ,respondero
1135 3430 1142 3445 ¹
