2426 3790
196 245 233 303 66
394 239 618 302 SALLUSI’II
639 239 875 302 JUGUM’HA.

193 395 347 472 perculsus,
379 413 474 471 neque
501 393 643 468 lacrymas
674 398 783 464 tenere,
814 358 909 470 neque
935 395 1079 452 moderari

193 492 339 566 linguam:
359 490 407 544 vir
419 488 551 563 egregius
566 487 599 543 iu
618 486 684 544 sliis
703 487 824 560 artibus,
844 489 933 546 nimis
952 489 1080 547 molliter

193 586 395 662 egritudinem
408 583 478 660 pati.
520 584 617 653 Quum
628 583 749 641 remelii
761 585 794 641 in
807 586 972 659 superbiam
985 593 1079 643 verte-

192 685 279 742 bant:
300 682 351 740 ulii
364 683 472 739 bonum
486 681 638 756 ingenium
651 682 827 738 contumelia
836 701 988 740 assensum
1001 701 1077 739 esse:

192 779 287 850 multi,
302 777 379 854 quod
388 778 451 852 jem
465 783 549 853 parto
562 775 685 834 victorio
697 795 735 833 ex
748 777 882 834 munibus
900 778 1076 853 eriperetur:

192 874 275 932 nobis
287 872 359 929 sotis
372 872 529 948 oognitnm,
543 871 629 929 illum
645 872 738 948 magis
754 871 863 930 honore
876 872 974 944 Marii,
989 893 1078 949 quum

191 970 300 1045 injuria
322 987 383 1038 suu,
407 968 613 1037 exouroiutum,
635 985 730 1042 neque
752 972 815 1024 tem
835 967 924 1024 anxie
947 967 1078 1027 laturum

191 1065 286 1135 foisse,
315 1063 472 1121 siodemts
490 1062 640 1139 provincis
660 1062 719 1133 alii,
747 1081 837 1137 quum
859 1061 966 1135 Murio,
984 1064 1077 1122 trade-

191 1168 279 1218 retur.
932 1231 934 1235 Δ

251 1254 436 1313 LXXXIII.
479 1253 585 1330 Igitur,
604 1273 639 1311 eo
658 1253 757 1310 dolore
777 1254 942 1330 impeditus,
957 1261 987 1313 et
1007 1256 1077 1331 quie

190 1349 324 1407 stultitius
348 1350 502 1407 videbatur
523 1349 647 1407 silenem
663 1368 726 1406 rem
746 1349 873 1425 periculo
893 1370 945 1407 suo
965 1370 1074 1422 curare,

190 1442 298 1520 legatos
324 1445 362 1502 ud
389 1444 536 1503 Bocchum
562 1445 665 1516 mittit,
694 1444 883 1519 postulatum,
915 1451 980 1504 “ne
1009 1447 1076 1505 sine

189 1558 289 1605 caussa
301 1541 393 1598 hostis
406 1539 513 1616 populo
532 1539 665 1597 Romano
678 1540 762 1598 fieret
767 1559 777 1612 3
797 1541 902 1598 hebere
920 1541 985 1598 tum
998 1560 1076 1617 mag-

127 1638 133 1657 *
189 1653 258 1691 nem
277 1636 390 1710 sopiam
408 1635 554 1692 societatis
568 1635 761 1711 amicitiisque
778 1636 995 1712 oonjungendae,
1009 1656 1075 1712 quae

189 1731 285 1807 potior
304 1731 380 1789 bello
400 1737 493 1790 esset:
514 1748 688 1809 quumqrum
708 1733 812 1808 opibus
832 1734 996 1806 confideret,
1014 1755 1076 1794 non

188 1828 293 1885 debere
305 1828 417 1884 incerte
430 1846 482 1903 pro
502 1831 590 1886 certis
609 1836 739 1886 mutere:
767 1847 852 1886 omne
868 1827 978 1899 bellum
997 1831 1075 1888 sumi

187 1923 280 1994 facile,
302 1928 430 1979 ceterum
452 1925 601 1999 egerrime
627 1926 776 1982 desinere:
807 1943 868 1982 non
891 1924 924 1980 in
945 1924 1075 2000 ejusdem

186 2025 331 2095 potestate
343 2019 463 2076 initium
483 2020 546 2095 ejus
564 2025 594 2077 et
614 2019 703 2078 finem
721 2038 797 2077 esse:
818 2020 946 2095 incipere
969 2021 1073 2093 cuivis,

187 2113 275 2171 etiam
288 2115 403 2190 ignoro,
412 2114 499 2173 licere
504 2134 515 2187 ;
535 2114 649 2191 deponi,
664 2134 732 2172 cum
744 2115 868 2172 victores
881 2115 991 2174 velint:
1008 2135 1074 2191 pro

186 2209 328 2267 inde-sibi
346 2228 492 2286 regnoque
512 2210 683 2282 consuleret,
703 2228 762 2266 neu
785 2210 921 2268 florentes
941 2230 987 2269 res
1007 2232 1075 2271 suus

186 2325 253 2362 eum
278 2304 435 2381 Jugurthae
453 2304 576 2382 perditis
595 2305 753 2363 misceret.”
793 2305 845 2362 Ad
871 2325 906 2363 es
927 2324 981 2363 rex
1000 2308 1074 2365 setis

185 2403 296 2478 pleoide
304 2403 393 2460 verba
405 2401 491 2459 lacit:
515 2406 601 2460 “sese
610 2421 710 2478 paoem
723 2421 836 2477 cupere,
851 2402 902 2460 sed
914 2401 937 2460 J
940 2402 1073 2479 ugurthae

185 2502 368 2557 fortunarum
389 2500 519 2557 misereri
526 2520 536 2572 ;
556 2500 583 2557 si
596 2500 699 2557 eodem
715 2500 760 2556 illi
773 2500 855 2575 copia
868 2500 958 2571 fieret,
974 2502 1074 2561 omnia

185 2595 387 2653 conventuru’'
429 2596 543 2654 Rursus
555 2596 714 2672 imperator
726 2603 828 2654 eontra
840 2596 987 2672 postulata
999 2596 1073 2654 Boo-

185 2693 232 2750 ohi
250 2693 372 2751 nuncios
391 2693 501 2750 mittit:
521 2692 571 2749 ille
584 2693 713 2768 probare,
728 2693 836 2769 purtim
849 2694 983 2749 abnuere.
1025 2691 1073 2750 Eo

184 2791 270 2851 modo
297 2807 373 2864 supe
399 2789 437 2846 ub
462 2794 588 2865 utroque
614 2790 709 2846 missis
734 2787 918 2864 remissisque
944 2780 1071 2861 saneim,

183 2892 299 2960 tempus
324 2883 485 2961 procedere,
513 2889 551 2956 et,
577 2903 615 2942 ex
637 2884 754 2941 Metelli
775 2883 934 2956 voluntate,
960 2884 1072 2941 bellum

182 2982 326 3039 intectum
340 2980 426 3041 trahi.

244 3078 424 3136 LXXXIV.
460 3078 507 3135 At
520 3078 643 3149 Murius,
654 3084 690 3134 ut
702 3096 791 3154 suprs
803 3076 938 3147 diximus,
953 3077 1071 3151 cupien-

183 3176 296 3235 tissitnu
318 3175 403 3250 plebe
424 3173 525 3231 oonsul
546 3174 649 3246 foetus,
670 3180 823 3249 postquam
842 3173 870 3230 ei
887 3172 1070 3249 provinciam

183 3268 355 3328 Numidiam
373 3269 498 3348 populus
514 3270 611 3346 jussit,
634 3276 721 3328 untes
737 3270 800 3345 jum
820 3269 943 3326 infestum
962 3268 1069 3326 nobili-

185 3365 250 3436 toti,
273 3371 337 3423 tum
360 3386 427 3425 vero
447 3367 559 3425 multus
579 3373 669 3443 atque
689 3366 772 3424 ferox
794 3367 917 3424 Instare:
938 3364 1070 3441 singulos
