2426 3790
202 256 240 312 46
398 246 622 306 SALLUSTII
647 248 886 315 JUGURTHA.

199 423 296 480 regem
316 403 449 480 sequitur
459 420 468 472 3
488 419 547 476 quo
567 401 708 477 cujusque
727 402 845 460 animus
864 403 930 475 sert,
945 423 980 462 eo
1000 406 1091 465 disce-

199 502 289 558 dunt:
304 518 398 574 neque
412 497 442 554 id
455 497 598 571 flagitium
613 496 725 552 militiae
739 497 872 569 ducitur3
893 500 936 555 itu
949 520 979 558 ue
993 519 1089 559 mores

199 595 314 653 habent.
358 593 463 668 Igitur,
479 591 618 648 Metellus
638 592 690 648 ubi
709 591 791 648 videt
810 593 886 668 regis
906 593 996 651 etiam
1019 601 1087 653 turn

197 691 329 747 animum
342 690 466 745 ferocem
479 705 559 757 esse3
580 687 689 744 bellum
709 688 852 758 renovari,
867 688 954 763 quod,
970 690 1027 746 nisi
1047 709 1086 747 ex

196 789 278 845 illius
290 784 429 855 lubidine,
444 783 506 859 geri
519 802 579 839 nou
591 789 706 858 posset3
726 789 866 858 praetereo
879 783 1014 860 iniquum
1026 804 1087 842 oer-

196 891 295 940 temen
309 881 364 939 sibi
378 899 444 938 cum
454 878 594 949 hostibus,
604 879 716 935 minore
730 878 907 936 detrimento
915 879 982 937 illos
995 880 1082 952 vinci,

196 997 286 1056 quam
305 994 372 1033 suos
391 977 508 1033 vincere
518 995 527 1047 3
552 974 666 1045 statuit,
681 993 741 1031 non
760 975 877 1049 proeliis,
898 994 992 1051 nequo
1011 977 1081 1048 scie,

194 1076 315 1134 sedulio
328 1094 414 1146 more,
429 1074 538 1132 bellum
550 1074 718 1149 gerendum.
760 1073 866 1150 Itaque
882 1074 914 1130 in
932 1074 1082 1133 Numidico

193 1174 256 1230 loca
275 1171 496 1249 opulentissime
514 1172 618 1245 pergit,
633 1189 716 1246 egros
734 1177 840 1242 vastat,
855 1171 949 1227 mults
963 1170 1097 1230 castelle

193 1274 224 1325 et
249 1270 362 1345 oppidu,
385 1275 495 1324 temere
522 1266 645 1333 munita,
668 1271 721 1321 aut
747 1266 810 1322 sine
824 1265 980 1342 «presidio,
1002 1268 1082 1343 capit

194 1362 379 1439 incenditque
390 1383 398 1434 3
431 1363 534 1418 uberes
541 1360 666 1417 interfici
670 1361 763 1435 jubet,
774 1361 832 1417 aliu
842 1362 940 1419 omniu
950 1362 1081 1419 militum

191 1459 317 1535 praedum
331 1477 399 1516 esse.
443 1457 487 1515 Eu
501 1457 656 1514 formidine
677 1457 766 1513 multi
784 1458 921 1514 mortales
938 1457 1079 1516 Romanis

191 1553 284 1611 dediti
303 1553 436 1623 obsides3
455 1552 646 1622 frumentum,
662 1556 693 1608 et
712 1551 779 1622 sliu,
800 1571 865 1627 quae
886 1554 953 1609 usui
973 1555 1077 1625 forent,

189 1651 311 1708 sdfstim
324 1649 446 1726 praebita
457 1668 465 1720 3
478 1649 653 1723 ubicumque
669 1667 713 1705 res
723 1648 896 1723 postulabat,
911 1649 1078 1725 praesidium

190 1745 365 1819 impositum
408 1743 479 1811 Quae
492 1742 607 1817 negotia
621 1742 714 1799 multo
729 1742 828 1818 magis,
843 1763 931 1819 quum
944 1744 1079 1820 praelium

189 1840 265 1897 mele
278 1844 440 1915 pugnatum
454 1838 491 1894 ub
504 1838 572 1910 suis,
587 1856 685 1913 regern
707 1840 877 1896 terrebunt:
897 1839 1014 1916 quippe,
1029 1839 1078 1895 cui

188 1953 251 2010 spes
265 1935 358 1991 omnis
378 1935 409 1991 in
429 1933 498 2009 iuge
515 1919 572 1989 sita
590 1940 660 2004 erut,
676 1934 760 2009 sequi
777 1935 933 2010 cogebatur
941 1956 951 2008 3
971 1941 1009 2005 et,
1025 1936 1078 2010 qui

188 2048 240 2086 sua
254 2030 315 2087 loca
328 2029 480 2087 defendere
494 2028 675 2105 nequiverat,
685 2029 717 2085 in
731 2029 834 2086 alienis
846 2030 953 2086 bellum
968 2048 1074 2106 gerere.

188 2126 298 2183 Tamen
319 2145 357 2182 ex
373 2124 462 2200 copia,
483 2124 562 2200 quod
582 2124 726 2200 optimum
745 2124 907 2196 videbatur,
922 2126 1077 2185 consilium

187 2210 280 2297 cupit:
310 2222 468 2277 exercitum
490 2221 661 2296 plerumque
684 2220 717 2276 in
736 2219 839 2277 iisdem
859 2221 929 2278 locis
948 2223 1076 2298 opperiri

182 2317 275 2391 jubet,
290 2315 352 2392 ipse
365 2335 432 2372 cum
446 2314 565 2372 delectis
585 2315 734 2391 equitibus
753 2315 910 2373 Metellum
922 2318 1057 2393 sequitur
1065 2337 1076 2390 3

186 2413 336 2468 nocturnis
349 2418 380 2468 et
393 2411 467 2467 aviis
482 2410 636 2468 itineribus
652 2412 802 2486 ignoratus
817 2410 963 2469 Romanos
976 2413 1075 2488 pulan-

185 2513 229 2562 tes
237 2513 356 2581 repente
365 2506 553 2581 adgreditur:
568 2525 666 2563 eorum
675 2506 807 2582 plerique
817 2507 941 2563 inermes
954 2506 1072 2579 cudunt,

185 2600 272 2657 multi
285 2602 459 2676 cupiuntur3
480 2619 565 2658 nemo
579 2603 710 2658 omnium
729 2601 857 2658 intactus
872 2602 1022 2678 profugit:
1042 2612 1075 2660 et

185 2697 216 2753 N
217 2696 322 2752 nmidae
342 2696 431 2771 prius,
453 2715 541 2772 quem
561 2715 600 2753 ex
620 2697 723 2753 cestris
749 2695 962 2769 subveniretur,
983 2696 1074 2754 sicuti

179 2792 255 2866 jussi
268 2799 361 2862 erunt,
375 2792 407 2848 in
420 2793 568 2867 proximos
581 2792 666 2849 colles
680 2792 840 2852 discedunt.

244 2885 310 2949 LV.
352 2885 477 2943 Interim
491 2886 593 2945 Romae
607 2887 747 2964 gaudium
766 2888 871 2963 ingens
884 2893 990 2961 ortum,
1005 2909 1071 2967 cog-

183 2983 255 3041 nitis
265 2982 382 3040 Metelli
394 2984 498 3042 rebus:
519 2991 554 3040 ut
568 3003 655 3060 seque
669 2991 700 3040 et
713 2985 874 3041 exercitum
889 3003 968 3043 more
982 2985 1070 3061 majo

182 3099 248 3136 rum
275 3086 388 3157 gereret
399 3101 408 3153 3
434 3081 466 3136 in
487 3081 607 3138 adverso
630 3081 701 3152 loco,
723 3082 818 3138 victor
839 3086 938 3138 tumen
960 3080 1072 3138 virtute

183 3174 305 3249 fuisset3
326 3176 455 3233 hostium
471 3195 539 3251 agro
553 3177 698 3252 potiretur
707 3195 716 3248 3
737 3174 759 3233 J
760 3175 925 3250 ugurthsm‚
941 3175 1072 3250 magnili-

183 3254 250 3327 cum
267 3289 306 3327 ox
319 3271 394 3328 Auli
411 3272 546 3342 secordis,
561 3292 642 3347 spem
662 3272 765 3328 salutis
783 3271 816 3328 in
836 3271 1001 3340 solitudine,
1018 3278 1071 3329 urit

182 3361 258 3436 fuga,
273 3365 409 3440 coegisset
422 3368 536 3429 hebere,
565 3367 671 3444 Itaque
685 3374 803 3424 senatus
814 3382 852 3423 oe
861 3382 900 3422 ss
911 3381 1070 3423 rnnrcrrnrr
