2426 3790
334 216 555 281 SALLoer
579 216 606 273 J
609 215 817 280 UGURTHA„
984 221 1022 279 63

137 368 170 427 in
184 386 232 425 eos
245 366 323 423 looos
336 367 464 424 vonisse:
485 372 614 423 ceterum
627 367 716 426 situm
730 368 809 425 inter
821 368 891 426 duas
910 370 1021 445 Syrtes,

134 463 241 540 quibus
258 482 365 520 nomen
387 483 424 520 ex
445 481 476 518 re
494 462 630 522 inditum.
671 462 752 518 Nam
773 463 831 521 duo
848 475 926 533 sunt
940 467 1022 522 sinus

134 578 222 635 prope
242 559 274 616 in
295 566 425 616 extrema
444 558 556 629 Africa,
576 559 701 634 impares
724 559 935 635 magnitudine,
956 546 1024 639 peri

135 664 256 715 natura:
277 675 401 732 quorum
418 656 552 731 proxime
569 661 654 712 terrae
672 655 793 731 praeslta
811 663 895 730 snnt3
915 667 1018 730 oeteis,

134 757 181 812 uti
193 755 253 812 fors
265 756 344 824 tulit,
359 753 435 825 alta3
458 753 516 809 elie
528 753 561 810 in
582 759 755 828 tempestate
775 754 888 815 vadosa.
930 757 961 813 N
962 777 1017 828 sm,

134 851 187 908 ubi
204 870 285 909 mere
299 869 437 924 magnum
450 868 518 917 esse,
533 856 563 907 et
576 851 677 907 ssevire
692 852 788 907 ventis
807 852 901 928 ooepit,
916 851 1020 910 limum

134 966 309 1024 arenamque
322 954 353 1004 et
366 966 436 1004 saxa
448 948 580 1023 ingentis
592 948 699 1005 fluetus
719 947 857 1009 trahunt:
877 951 921 1007 ita
934 951 1020 1007 iacies

134 1045 263 1110 locorum
276 1063 342 1101 oum
355 1044 452 1100 ventis
466 1043 553 1099 simul
570 1050 710 1101 mutatur.
730 1110 734 1117 .
747 1040 859 1121 [Syrtes
871 1048 909 1102 sb
923 1054 1019 1105 tractu

134 1137 313 1219 nominales]
352 1140 426 1215 Ejus
445 1140 572 1197 civitatis
592 1140 693 1215 lingue
706 1141 792 1197 modo
805 1160 942 1201 oonverss
954 1162 1019 1200 oon·

133 1239 224 1297 nubio
233 1237 445 1296 Numidarum:
459 1237 544 1312 leges,
555 1238 710 1313 uultusque
720 1238 857 1315 pleraque
867 1238 1002 1298 Sidonica
1009 1263 1017 1313 3

133 1355 198 1411 quse
208 1354 242 1392 eo
252 1335 366 1394 facilius
375 1336 548 1407 retinebant,
559 1336 637 1410 quod
648 1336 748 1411 prooul
761 1337 799 1393 sb
812 1337 933 1411 imperio
942 1339 1019 1413 regis

134 1440 247 1491 statem
262 1434 392 1509 egebant
434 1433 520 1490 Inter
533 1434 636 1491 illoset
649 1434 831 1510 frequentem
846 1434 1018 1492 Numidiam

132 1528 220 1585 multi
232 1530 365 1605 vastique
378 1530 435 1587 looi
447 1536 537 1587 erent.
722 1516 725 1520 Δ

193 1625 342 1685 LXXIX.
357 1616 359 1621 ¹
378 1625 444 1697 Sed,
452 1627 591 1702 quoniam
604 1626 637 1682 in
650 1626 703 1684 has
712 1628 843 1703 regiones
857 1648 907 1703 per
920 1627 1018 1704 Lepti-

132 1727 268 1779 tenorum
281 1723 399 1798 negotia
412 1723 555 1792 venimus,
569 1741 628 1778 non
642 1723 795 1799 indignum
805 1725 932 1795 ridetur,¹
939 1743 1017 1801 egre

132 1818 213 1893 gium
226 1819 459 1894 etquemirabile
472 1820 584 1876 facinus
594 1819 718 1876 duorum
733 1819 1016 1896 Carthaginiensium

132 1933 306 1972 memorare:
329 1934 391 1972 esur
404 1934 466 1972 rem
480 1935 532 1972 nos
545 1916 625 1973 locus
637 1917 797 1975 admonuit.
824 1918 1016 1994 Quatempes·

132 2010 193 2069 tate
220 2011 472 2087 Carthaginienses
494 2013 639 2088 pleneque
664 2013 774 2072 Afrioae
800 2015 1014 2090 imperitabant,

133 2109 311 2183 Cyrenenses
324 2128 440 2185 quoque
453 2110 551 2184 magni
564 2115 652 2185 atque
665 2109 796 2185 opulenti
811 2111 898 2169 fuere.
934 2112 1017 2185 Ager

132 2205 164 2261 in
185 2206 280 2263 medio
302 2225 447 2276 arenosus,
465 2224 524 2263 una
543 2205 651 2280 speeie:
672 2223 767 2281 neque
782 2205 899 2274 flumen,
921 2225 1016 2281 neque

132 2318 216 2356 mons
229 2309 299 2372 erat,
314 2302 365 2376 qui
378 2300 451 2356 fines
464 2319 564 2357 eorum
577 2300 753 2359 discerneret
760 2321 769 2372 3
786 2320 851 2376 quse
865 2320 910 2358 res
923 2321 971 2359 eos
984 2304 1016 2359 in

108 2440 111 2443 .
131 2416 237 2473 magno
249 2398 447 2473 diuturnoque
460 2396 537 2453 bello
558 2398 635 2455 inter
654 2415 684 2453 se
704 2396 814 2456 habuit.
857 2397 1015 2474 Postquam

131 2495 279 2569 utrimque
304 2494 437 2570 legiones,
466 2494 538 2549 item
558 2493 662 2550 classes
689 2495 759 2551 fusse
786 2494 958 2571 fugataeque,
986 2502 1016 2553 et

132 2590 216 2647 elteri
235 2591 341 2647 alteros
360 2590 544 2666 aliquantum
564 2590 746 2647 adtriversnt
752 2610 760 2661 3
784 2590 881 2660 veriti,
895 2610 933 2648 ne
946 2610 1024 2648 mox·

131 2685 224 2743 victos
243 2685 424 2762 victoresque
444 2686 567 2743 defessos
583 2686 658 2743 alius
674 2686 886 2760 adgrederetur,
901 2706 954 2762 per
973 2690 1015 2744 in·

131 2780 229 2837 ducias
242 2780 425 2856 sponsionem
438 2782 559 2850 faciunt,
577 2781 646 2837 “uti
659 2787 738 2838 oerto
756 2782 802 2838 die
822 2781 911 2856 legati
929 2783 1015 2840 domo

13 2888 18 2893 ·
130 2875 393 2951 proficiscerentur3
412 2877 515 2952 quoin
530 2877 592 2933 loeo
605 2877 727 2933 intereo
747 2878 826 2935 obvii
845 2878 975 2948 fuissent,
990 2879 1016 2935 is

131 2974 292 3031 communis
312 2975 464 3051 utriusque
484 2976 584 3051 populi
602 2975 669 3032 finis
689 2974 871 3033 haberetur.”
917 2975 1016 3050 Igitur

132 3068 307 3145 Carthagine
320 3071 379 3126 duo
398 3071 503 3128 fratres
524 3071 612 3142 missi,
628 3071 734 3146 quibus
750 3090 856 3128 nomen
877 3069 1014 3127 Philaenis

131 3171 202 3235 eret,
216 3149 405 3222 maturavere
411 3166 469 3222 iter
481 3185 614 3241 pergere:
629 3166 808 3240 Cyrenenses
820 3165 932 3223 tardius
945 3166 1012 3231 iere.

131 3261 170 3319 Id
181 3261 358 3331 secordisne,
373 3280 410 3318 sn
426 3281 511 3318 cause
519 3261 669 3332 accideret,
685 3281 789 3337 parum
799 3261 928 3337 eognovi.
964 3261 1015 3320 Ce-

130 3366 228 3418 terum
241 3358 314 3415 solet
334 3358 440 3415 inillis
460 3359 531 3416 loeis
550 3364 706 3436 tempestas
725 3358 804 3415 haud
824 3378 911 3432 seous,
926 3365 1014 3437 atque
