2426 3786
163 245 209 304 ,34
325 241 332 245 ”
385 245 608 307 alituum
625 242 833 305 CATILINA.

169 397 310 470 omnibus,
331 416 398 457 cum
411 417 488 476 saepe
504 399 756 476 Carthaginienses
774 400 849 458 etin
862 418 940 476 pace,
955 403 986 458 et
999 418 1052 477 per

109 496 111 502 ’
163 492 309 564 inducias,
332 494 426 551 multu
448 494 558 552 nefaria
580 495 708 554 feciucra
728 495 871 566 fecissent,
892 514 1051 571 numquam

165 588 225 665 ipsi
241 608 296 667 per
314 590 491 646 occasionem
508 589 581 647 talia
600 591 712 661 feccre3
731 590 831 666 magis,
847 590 920 665 quid
938 607 971 647 se
989 590 1051 666 dig-

164 704 241 742 num
253 686 336 757 soret,
354 704 442 761 quam
460 687 531 763 quid
549 685 582 743 in
595 686 653 744 illis
664 687 732 762 jure
744 685 808 742 ficri
820 691 925 760 posset,
943 703 1050 762 quaere-

166 779 247 840 hanc
289 781 357 838 Hoc
377 782 455 839 idem
470 782 683 858 providendum
698 787 750 852 est,
770 780 873 838 Patres
886 781 1049 857 conscripti,

167 894 207 937 ne
217 876 285 953 plus
297 879 393 935 valcat
405 879 484 953 apud
491 897 543 936 vos
556 877 589 936 P.
599 877 719 935 Lentuli
732 882 763 935 et
775 882 935 934 ceterorum
949 876 1049 948 soclus,

168 992 257 1049 quam
275 980 374 1031 vestra
392 974 540 1051 dignitss3
562 993 620 1032 neu
639 974 732 1050 magis
751 974 802 1030 irus
821 977 934 1043 vestrae,
961 989 1050 1048 quam

167 1069 260 1139 famae,
270 1069 432 1126 consulatis
467 1069 547 1126 Nam
559 1069 586 1126 si
598 1069 686 1145 digna
699 1087 784 1145 poeua
796 1086 849 1144 pro
856 1066 941 1124 factis
950 1085 1050 1125 corum

165 1164 319 1240 reperitur,
341 1184 451 1222 novum
471 1163 623 1222 consilium
641 1164 786 1241 adprobo:
813 1164 860 1221 sin
880 1162 1049 1238 magnitudo

166 1258 283 1316 sceleris
295 1261 425 1318 omnium
438 1260 555 1335 ingenia
570 1256 732 1336 exsuperat,
743 1259 779 1316 iis
793 1259 936 1316 utendum
949 1276 1050 1316 censeo

167 1371 232 1428 quas
262 1354 373 1431 legibus
401 1361 565 1432 comparata
585 1362 662 1415 sunt.
704 1354 840 1431 Plerique
860 1373 968 1426 eorum,
996 1353 1048 1430 qui

166 1453 236 1506 ante
256 1467 303 1507 mc
321 1451 481 1507 sententias
499 1451 647 1522 dixerunt,
665 1451 822 1527 composite
838 1457 927 1526 atque
939 1451 1049 1524 magni·

165 1543 220 1605 fise
232 1563 329 1602 casum
343 1545 508 1621 reipublice
523 1546 653 1603 miserati
666 1552 755 1604 sunt:
776 1564 841 1622 quae
854 1545 924 1603 belli
936 1545 1050 1602 saevitia

163 1646 250 1711 esset,
267 1659 332 1716 quse
355 1639 441 1698 victis
463 1641 633 1712 acciderent,
655 1660 877 1714 enumeravero,
908 1640 971 1715 rapi
990 1640 1048 1697 vir·

165 1733 256 1808 gincs,
278 1753 382 1811 pueros
391 1754 400 1807 5
420 1735 521 1792 divelli
539 1735 647 1794 libems
664 1754 683 1792 a
701 1740 857 1811 parentum
874 1735 1047 1810 complexu3

165 1835 273 1886 matres
290 1830 466 1887 familiarum
483 1831 546 1906 pati
566 1849 631 1907 quae
650 1831 810 1888 victoribus
830 1830 1027 1887 collibuisacut
1037 1849 1046 1902 3
1091 1852 1094 1856 ·

163 1921 234 1983 fana
254 1928 342 2000 atque
363 1925 462 1982 domos
485 1925 660 2002 exspoliari3
680 1924 796 1993 caedem,
812 1925 946 1983 incendis
961 1925 1045 1997 fieu‘3

163 2024 319 2096 postremo,
333 2020 429 2091 armis,
443 2020 639 2092 cadaveribus,
650 2040 751 2079 cruore
760 2027 848 2097 atque
858 2020 941 2078 luctu
950 2020 1049 2077 omnia

165 2116 311 2192 compleri.
353 2116 410 2174 Sed
430 2136 483 2192 per
502 2117 570 2175 deos
594 2116 790 2174 immortales!
810 2135 869 2192 quo
885 2115 936 2173 illa
955 2116 1047 2173 oratio

165 2214 330 2289 pertinuitl
357 2232 402 2286 an,
429 2213 475 2271 uti
493 2232 545 2270 vos
563 2212 683 2271 infestos
703 2211 898 2288 conjurationi
919 2211 1046 2268 faceretl

166 2306 291 2380 Scilicet,
322 2328 410 2386 quem
438 2327 484 2366 res
510 2315 595 2366 tanta
614 2314 701 2384 atque
721 2316 783 2366 tam
803 2313 888 2365 atrox
906 2325 966 2363 non
986 2324 1047 2382 per-

164 2403 265 2476 movit,
295 2421 363 2461 eum
391 2405 487 2462 oratio
509 2405 662 2462 accendet!
702 2403 773 2460 Non
796 2403 840 2460 ita
858 2408 922 2460 cst:
949 2420 1044 2477 neque

165 2497 300 2573 cuiquam
308 2501 474 2557 mortalium
482 2500 597 2574 injuria
606 2518 665 2557 suae
673 2516 769 2573 parvae
779 2497 937 2554 videntur:
957 2495 1052 2575 multi¹

166 2613 215 2653 eas
232 2594 349 2668 gravius
367 2614 449 2670 aequo
466 2594 601 2654 habuere
643 2593 701 2652 sed
714 2593 771 2650 alia
783 2593 847 2650 aliis
860 2592 979 2650 licentia
991 2598 1044 2664 est,

164 2687 267 2747 Patres
280 2690 443 2766 conscripti.
485 2689 545 2759 Qui
560 2689 676 2746 demissi
691 2690 725 2746 in
740 2689 862 2746 obscuro
883 2687 976 2745 vitam
995 2685 1045 2743 ha·

163 2783 243 2855 bent,
262 2784 374 2860 siquid
391 2786 541 2843 iracundia
560 2785 714 2861 deliquere,
735 2784 820 2860 pauci
833 2783 948 2854 sciunt3
967 2781 1045 2839 fama

162 2883 252 2957 atque
275 2879 393 2938 fortuna
411 2900 511 2938 eorum
529 2900 613 2957 pares
629 2886 720 2937 sunt:
741 2879 793 2956 qui
805 2896 910 2955 magno
922 2877 1044 2953 imperio

64 3052 66 3057 Α
163 2977 277 3053 prediti
294 2977 327 3035 in
346 2977 458 3034 excelso
479 2981 596 3034 aetatem
613 2982 713 3052 agunt,
734 2993 834 3033 eorum
852 2973 929 3030 lacta
945 2973 1044 3029 cuncti

162 3073 298 3131 mortales
315 3091 428 3131 novere
470 3073 520 3130 Ita
540 3072 573 3129 in
591 3071 720 3130 maxima
732 3071 850 3128 fortuna
869 3058 991 3126 minima
1009 3069 1043 3126 li-

163 3167 259 3224 centia
275 3173 339 3226 est:
359 3186 454 3243 neque
473 3165 598 3238 studere,
617 3183 712 3241 neque
728 3164 829 3236 odisse,
851 3162 902 3221 scd
922 3161 1043 3221 minime

163 3257 248 3317 irasci
260 3262 362 3344 decet:
381 3281 446 3339 quas
466 3262 546 3339 apud
561 3261 633 3319 alios
648 3259 798 3318 iracundia
814 3259 929 3329 dicitur,
943 3257 976 3312 in
987 3253 1042 3313 im-

164 3356 244 3435 ps1i0
260 3358 395 3435 superbia
413 3362 500 3434 atque
516 3357 670 3417 crudelitas
686 3355 857 3432 adpellatur.
898 3349 1053 3429 Equidem·
