2426 3790
346 266 564 330 SALLUSTII
587 272 613 329 J
618 270 828 332 UGURTHA.
992 278 1029 338 55

143 440 208 479 eum
234 439 287 478 suo
309 418 420 479 auxilio
442 441 542 499 poenes
565 431 666 501 petat:
686 426 834 484 hominem
856 430 892 485 ob
914 433 1028 490 morbos

142 519 240 575 animo
250 537 355 594 parum
367 519 465 576 valido
477 521 602 578 munda
615 522 746 580 oratione
759 522 899 586 extollit:
922 527 1029 585 “illum

141 615 412 690 regem-ingentem
431 617 538 688 virum,
560 615 725 674 Masinissae
746 626 882 695 nepotem
902 641 982 682 esse:
1003 625 1028 681 si

84 753 93 769 .
140 709 163 765 J
164 710 291 785 ugurtha
304 716 413 786 eaptus,
429 717 483 769 aut
495 712 614 782 occisus,
628 713 783 788 imperium
797 714 829 771 N
829 717 946 773 umidiae
965 719 1027 775 sine

140 824 224 863 mora
235 806 406 865 habiturum
419 826 426 865 z
446 808 479 864 id
491 808 564 865 adeo
576 817 691 865 mature
704 829 787 885 posse
800 814 924 884 evenire,
932 815 959 871 si
965 815 1028 889 ipse

139 903 244 961 consul
257 904 294 961 ad
307 904 339 961 id
357 905 468 963 bellum
487 907 592 963 missus
611 907 713 963 foret.''
754 907 862 983 Itaque
881 916 912 967 et
930 910 1024 982 illum,

139 1007 171 1058 et
185 1002 297 1077 equites
310 1001 467 1070 Romanos,
481 1002 591 1059 milites
604 1009 635 1059 et
647 1003 848 1077 negotiatores,
863 1005 937 1062 alios
953 1006 1024 1082 ipse,

138 1096 292 1174 plerosque
311 1117 376 1176 spes
396 1100 474 1175 pacis
493 1098 629 1174 impellit,
643 1099 689 1155 uti
707 1098 835 1155 Romam
848 1101 885 1157 ad
899 1121 965 1159 suos
978 1122 1026 1160 ne-

138 1194 276 1250 cessarios
289 1212 390 1270 aspere
401 1195 434 1252 in
447 1193 603 1252 Metellum
613 1194 650 1251 de
662 1195 738 1253 bello
746 1196 884 1267 scribant,
893 1198 1023 1256 Marium

136 1290 345 1365 imperatorem
373 1295 503 1366 poseant.
555 1289 604 1347 Sic
623 1290 669 1348 illi
688 1310 706 1347 a
725 1291 828 1349 multis
854 1295 1027 1353 mortalibus

138 1384 555 1462 honestissimasuffragntione
568 1386 736 1444 consulatus
743 1388 916 1463 petebatur:
936 1388 1023 1447 simul

137 1502 172 1540 ea
184 1478 357 1560 tempestate
369 1484 473 1560 plebes,
489 1484 643 1541 nobilitate
656 1485 723 1542 fusa
734 1504 787 1562 per
802 1486 896 1562 legem
917 1487 1022 1545 Mami-

137 1580 214 1652 liam,
229 1601 319 1639 novos
331 1581 497 1639 extollebat
541 1581 591 1638 lta
604 1581 701 1639 Mario
713 1591 820 1640 ennete
832 1584 993 1659 procedere.

196 1676 313 1734 LXVI.
355 1676 483 1734 Interim
495 1677 653 1751 Jugurtha
670 1685 831 1753 postquam,
853 1679 958 1736 omima
974 1679 1022 1736 de

136 1770 256 1841 ditione,
270 1772 379 1829 bellum
389 1772 502 1849 incipit,
518 1791 585 1829 eum
598 1791 703 1849 magna
716 1792 786 1830 cura
798 1792 901 1848 parare
914 1775 1020 1844 omnia,

135 1869 283 1935 festinare,
296 1888 397 1944 cogere
410 1870 570 1927 exercitum
584 1887 591 1926 :
612 1868 755 1938 civitates,
770 1887 834 1943 quae
847 1868 885 1924 ab
898 1887 929 1925 se
942 1869 1020 1926 defe-

135 1969 244 2032 cerant,
263 1964 427 2035 formidine,
448 1971 501 2021 aut
521 1964 694 2021 ostentando
713 1964 841 2040 pramis,
855 1963 1019 2022 adfectare:

135 2061 314 2117 communire
327 2078 395 2118 suos
407 2060 504 2132 loecs;
525 2078 614 2130 arma,
633 2059 702 2130 tela,
720 2059 786 2129 alia,
801 2078 865 2134 quae
880 2076 930 2134 spe
939 2060 1019 2134 pacis

134 2156 279 2228 amiserat,
287 2156 411 2228 reficere,
421 2161 474 2212 aut
481 2155 810 2213 commercarizservitia
820 2155 1020 2215 Romanorum

134 2252 266 2323 adlicere,
288 2261 318 2310 et
337 2271 387 2309 eos
405 2252 489 2328 ipsos,
505 2253 557 2328 qui
576 2253 608 2309 in
627 2253 771 2329 presidiis
790 2259 881 2323 erant,
896 2253 1020 2328 pecunia

134 2355 270 2407 tentare:
289 2368 406 2425 prorsus
426 2349 501 2406 nihil
520 2351 665 2406 intactum
685 2366 780 2424 neque
793 2348 926 2423 quietum
940 2350 1018 2423 pati:

134 2452 240 2503 cuncta
252 2446 371 2520 agitare.
414 2445 512 2520 Igitur
525 2444 685 2519 Vagenses,
700 2461 758 2519 quo
772 2443 912 2500 Metellus
921 2444 1017 2515 initie,

133 2540 155 2598 ,J
156 2540 284 2617 ugurtha
302 2540 480 2616 pacificante,
502 2540 669 2616 presidium
695 2540 879 2614 imposuerat,
901 2539 1018 2615 fatigmi

133 2638 210 2713 regis
224 2636 382 2713 suppliciis,
397 2656 494 2713 neque
511 2642 599 2694 antea
616 2635 770 2692 voluntate
786 2635 918 2705 alienati,
938 2635 1018 2709 prin·

133 2734 210 2810 cipes
224 2733 352 2790 civitatis
361 2732 439 2790 inter
451 2751 482 2789 se
495 2733 670 2807 conjurant:
689 2750 759 2788 nam
771 2732 886 2807 vulgus,
901 2733 948 2788 uti
957 2731 1017 2807 ple·
1050 2780 1054 2786 .

133 2851 257 2908 rumque
270 2831 352 2902 solet,
367 2838 398 2889 et
411 2831 540 2888 maxime
552 2830 759 2901 Numidarum,
773 2831 892 2905 ingenio
904 2831 1015 2902 mobili,

133 2928 302 2985 seditiosum
315 2932 405 3002 atque
418 2925 625 2983 discordiosum
638 2930 709 2997 erat,
724 2926 862 3005 cupidum
873 2943 1016 2983 novarum

132 3041 238 3093 rerum,
253 3021 348 3099 quieti
361 3030 391 3079 et
404 3023 465 3080 ctio
477 3023 641 3079 adversum.
663 3020 749 3090 Dein,
761 3018 927 3095 compositis
938 3019 1016 3076 inter

132 3138 163 3175 se
176 3120 270 3186 rebus,
290 3118 322 3177 in
342 3119 419 3176 diem
439 3120 560 3176 tertium
579 3118 772 3188 constituunt,
786 3115 912 3192 quadis,
925 3115 1015 3173 festus

132 3220 348 3295 celebratusque
361 3237 540 3294 peromnem
553 3217 695 3286 Alrieam,
707 3216 811 3275 ludum
824 3222 855 3272 et
866 3214 1015 3273 lasciviam

132 3315 232 3391 magis,
254 3334 342 3391 quam
362 3314 555 3385 formidinem,
577 3312 751 3371 ostentabat.
792 3309 858 3382 Sed,
872 3309 925 3367 ubi
941 3318 1014 3368 tem·

132 3430 188 3487 pus
203 3412 270 3484 fuit,
284 3412 467 3472 centuriones
486 3410 677 3485 tribimosque
697 3407 848 3485 militares,
868 3415 899 3466 et
918 3408 1013 3487 ipsum
