2426 3790
343 279 565 342 SALLUSTII
588 280 617 337 J
618 279 826 342 UGURTHA.
988 282 1026 340 53

138 436 318 516 sapiendum,
340 438 446 509 praeter
462 438 639 490 vetustatem
656 431 773 490 familia
793 431 851 489 alia
868 431 965 490 omnia
977 434 1026 490 ab·

138 536 217 594 unde
226 539 309 592 erant
317 551 325 603 3
346 531 499 601 industria,
510 530 647 606 probitas,
661 529 774 586 militiae
783 529 1029 605 magna'soientia,

139 630 253 687 animus
268 627 337 684 belli
350 625 460 701 ingens,
475 625 552 682 domi
566 625 703 694 modicus,
720 625 859 683 lubidinis
870 633 900 683 et
913 626 1027 683 divitia-

139 745 206 782 rum
218 725 319 794 vietor,
334 720 537 778 tantummodo
553 720 652 796 gloriae
669 720 778 778 avidus
821 720 878 778 Sed
891 722 917 778 is
929 728 1025 792 natus,

139 827 171 878 et
190 837 305 876 omnem
325 817 480 893 pueritiam
498 815 609 892 Arpini
627 816 713 887 altus,
734 817 786 873 ubi
806 818 932 893 primum
956 825 1028 876 aetas

139 915 252 972 militiae
272 914 386 989 patiens
405 912 471 983 fuit,
501 911 653 987 stipendiis
672 911 818 981 faciendis,
846 933 906 971 non
927 913 1027 973 Graeoa

139 1010 281 1079 facundia,
302 1026 397 1084 neque
417 1007 536 1064 urbanis
555 1006 716 1078 munditiis,
737 1027 797 1065 sese
814 1009 963 1067 exercuit:
984 1009 1027 1066 ita

138 1107 218 1164 inter
237 1113 314 1162 artes
342 1105 431 1160 bonas
451 1104 598 1178 integrum
619 1103 769 1179 ingenium
789 1104 871 1160 brevi
890 1105 1025 1163 adolevit.

140 1201 217 1278 Ergo
230 1203 281 1259 ubi
294 1201 421 1278 primum
434 1200 616 1257 tribunatum
627 1200 782 1258 militarem
795 1219 813 1256 a
825 1201 932 1276 populo
942 1201 1025 1275 petit,

140 1299 283 1375 plerisque
310 1297 412 1354 faciem
441 1297 502 1372 ejus
526 1297 735 1372 ignorantibus,
757 1297 841 1354 facile
860 1302 955 1367 notus,
976 1316 1027 1372 per

141 1415 240 1453 omnes
269 1395 362 1450 tribus
389 1393 558 1452 declaratur.
601 1392 717 1450 Deinde
743 1393 780 1449 ab
800 1411 834 1449 eo
854 1392 1026 1465 magistratu

140 1493 230 1550 alium
247 1498 313 1568 post
327 1492 416 1548 alium
429 1491 485 1548 sibi
497 1490 629 1567 peperit;
652 1509 820 1565 semperque
833 1489 864 1545 in
878 1489 1026 1564 potestati·

140 1588 195 1644 bus
215 1606 249 1644 eo
269 1587 354 1643 modo
381 1587 518 1662 agitabat,
547 1587 592 1643 uti
618 1585 765 1661 ampliore,
793 1604 883 1660 quam
908 1584 1026 1659 gerebat

141 1684 247 1759 dignus
264 1682 427 1740 haberetur.
469 1681 581 1741 Tamen
600 1682 633 1753 is,
653 1683 689 1738 ad
704 1682 735 1738 id
748 1680 874 1737 locorum
889 1680 957 1736 talis
969 1680 1024 1752 vir,

142 1775 221 1858 (nam
235 1786 334 1854 post-ea
347 1778 504 1834 ambitione
517 1794 641 1853 praesepe
659 1776 744 1832 datus
762 1774 827 1852 est)
844 1776 1026 1832 consulatum

141 1881 275 1951 appetere
295 1894 355 1931 non
372 1875 504 1930 audebat.
547 1873 646 1930 Etiam
663 1882 728 1930 tum
751 1873 822 1929 alios
840 1873 1027 1946 magistratus

141 1971 247 2048 plebes,
266 1970 446 2027 consulatum
465 1969 602 2026 nobilitas
618 1969 698 2025 inter
710 1986 740 2025 se
754 1956 806 2045 per
820 1987 922 2025 manus
935 1969 1027 2026 trade

142 2067 200 2125 bat.
242 2066 346 2124 Novus
373 2085 459 2122 nemo
486 2073 547 2122 tani
576 2065 676 2136 clarus,
705 2084 800 2140 neque
824 2072 885 2122 tam
905 2064 1027 2141 egregiis

141 2162 226 2220 saetis
244 2170 314 2229 erat,
327 2162 400 2239 quin
413 2163 439 2219 is
451 2163 588 2238 indignus
602 2161 652 2219 illo
665 2162 827 2234 honore„et
840 2163 923 2238 quasi
935 2161 1027 2236 polln-

143 2266 199 2329 tus‚
214 2258 377 2317 haberetur.

202 2353 318 2411 LXIV.
360 2353 465 2430 Igitur,
476 2353 527 2410 ubi
541 2352 654 2409 Marius
664 2351 823 2429 hamspiois
837 2353 914 2409 dieta
927 2352 1027 2409 eodem

142 2450 295 2507 intendere
307 2449 395 2522 videt,
411 2469 469 2525 quo
482 2448 586 2525 cupido
604 2448 695 2505 animi
712 2449 892 2518 hortabatur,
910 2449 947 2505 ab
963 2448 1027 2505 Me·

143 2545 213 2602 tello
226 2544 345 2620 petendi
364 2544 461 2620 gratia
477 2543 642 2600 missionem
660 2549 761 2618 rogat:
781 2544 829 2600 oni
852 2563 1028 2620 quamquam

146 2640 246 2711 virtus,
268 2639 368 2715 gloria,
392 2647 481 2713 atque
504 2639 562 2695 alia
585 2640 712 2714 optanda
731 2640 822 2710 bonis,
843 2642 1026 2715 superabant,

143 2744 243 2794 tamen
256 2737 351 2792 inerat
364 2742 526 2791 contemtor
538 2736 651 2791 animus
669 2741 699 2792 et
715 2735 856 2810 superbia,
876 2752 1028 2792 commune

143 2832 306 2888 nobilitatis
319 2830 436 2888 malum.
479 2829 584 2906 Itaque
597 2830 733 2906 primum,
744 2824 903 2888 commotus
911 2828 1029 2885 insolita

144 2945 183 2997 re,
205 2915 386 3001 mirari‘ejus
404 2926 564 2993 consilium,
582 2930 613 2983 et
632 2927 715 3002 quasi
728 2946 779 3002 per
794 2926 950 2983 amicitiam
971 2941 1028 2979 mo

144 3041 221 3093 nere,
249 3026 312 3079 “ne
335 3027 396 3078 tam
416 3040 505 3097 prava
525 3022 673 3097 inciperet,
698 3040 755 3078 neu
776 3040 862 3095 super
881 3025 1028 3075 fortunam

144 3119 275 3176 animum
294 3125 408 3193 gereret
417 3138 426 3189 ;
445 3137 505 3175 non
520 3118 618 3174 omnia
634 3116 768 3173 omnibus
788 3115 930 3192 cupienda
948 3132 1027 3171 esse:

144 3216 248 3273 debere
266 3214 312 3271 illi
327 3233 373 3271 res
391 3233 457 3270 suas
476 3214 546 3270 satis
563 3213 675 3288 plaeere
685 3232 694 3283 3
714 3218 857 3289 postremo
871 3215 986 3266 caveret
998 3210 1029 3267 id

145 3316 243 3385 petere
261 3327 279 3364 a
298 3308 405 3384 populo
426 3307 567 3380 Romano,
593 3307 670 3385 quod
693 3308 739 3364 illi
757 3306 826 3382 jure
849 3310 1029 3381 negaretur.”

145 3406 304 3483 Postquam
323 3405 383 3463 hoeo
403 3410 491 3482 atque
511 3405 583 3463 talia
601 3404 685 3476 dixit,
700 3422 794 3481 neque
810 3403 923 3461 animus
939 3402 1030 3459 Marii
