2426 3790
183 271 223 330 54·
382 269 603 330 succussi!
618 265 865 328 'JUGURTHAL

181 424 317 499 flectitur,
331 426 490 502 respondit,
508 424 586 481 “ubi
598 424 725 500 primum
737 423 878 500 potuisset
888 441 940 499 per
951 421 1076 497 negotia

180 521 305 598 publica,
327 521 472 578 facturum
493 538 562 589 sese,
581 537 647 595 quae
663 521 800 594 peteret.'’
840 518 889 575 Ac
905 523 1006 594 postea
1017 536 1070 575 sae-

179 617 246 692 pius
266 618 366 674 eadem
386 615 547 691 postulanti
566 615 660 672 fertm
684 614 799 686 dixisse,
831 617 897 671 “ue
916 613 1069 671 festinaret

179 714 277 770 abire:
308 714 379 771 satis
406 718 520 770 mature
540 712 625 769 illum
645 731 712 768 cum
731 712 792 768 filio
812 730 865 768 suo
885 713 1070 769 consulatum

179 810 365 883 petiturum.’'
406 808 437 864 Is
457 827 491 865 eo
509 815 639 883 tempore
652 806 841 864 contubernio
854 808 946 883 patris
959 807 1069 866 ibidem

147 906 150 917 “
179 905 332 975 militabat,
352 923 443 961 annos
461 911 548 961 natus
561 905 739 964 circiterxm
782 904 914 973 Quaeres
927 905 1066 977 Marium,

145 1052 148 1073 ἦ
178 1019 243 1056 cum
259 1019 312 1075 pro
326 1000 444 1070 honore,
463 1018 550 1075 quem
570 1000 741 1070 adfectabat,
757 1005 822 1056 tum
844 1006 945 1058 contra
965 1000 1068 1058 Metel·

179 1094 249 1165 lum,
264 1095 452 1152 vehementer
468 1095 645 1153 accenderat.
688 1095 738 1151 Ita
753 1096 889 1171 cupidine
907 1103 996 1170 abque
1013 1096 1066 1168 ira,

178 1192 310 1264 pessimis
331 1191 552 1261 consultoribus,
566 1191 710 1266 grassari;
731 1210 826 1266 neque
839 1192 916 1248 facto
928 1192 998 1262 ullo,
1019 1211 1069 1249 ne

178 1305 234 1361 que
254 1287 332 1343 dicto
351 1287 504 1357 abstinere,
534 1287 612 1361 quod
638 1287 724 1343 modo
755 1286 941 1343 ambitiosum
971 1288 1066 1360 foret;

178 1381 294 1448 milites,
314 1382 420 1456 quibus
440 1382 471 1437 in
493 1381 622 1437 hibernis
642 1387 773 1456 praeerat,
801 1381 912 1438 laxiore
935 1381 1066 1459 imperio,

125 1528 134 1543 „
178 1495 264 1551 quam
279 1484 365 1533 antea
378 1476 502 1535 habere:
523 1476 602 1551 apud
615 1476 815 1550 negotiatores,
828 1495 952 1552 quorum
962 1497 1069 1553 magna

178 1571 338 1628 multitudo
352 1571 448 1629 Uticae
462 1576 533 1641 erat,
548 1571 700 1629 criminose
717 1571 804 1628 simul
818 1578 848 1628 et
866 1571 1018 1647 magnifice
1030 1571 1068 1629 de

178 1666 254 1724 bello
263 1666 363 1741 loqui:
379 1666 521 1723 “dimidia
534 1686 601 1741 pars
615 1667 759 1723 exercitus
773 1667 828 1724 sibi
838 1668 1065 1742 permitteretur,

178 1763 278 1836 paucis
299 1763 400 1819 diebus
419 1762 441 1820 J
443 1763 599 1838 ugurtham
626 1763 659 1818 in
683 1763 793 1820 catenis
819 1762 1009 1820 habiturum:
1029 1765 1068 1821 ab

178 1857 353 1931 imperatore
370 1856 502 1914 consulto
519 1857 606 1929 trahi,
627 1857 704 1932 quod
721 1856 807 1913 homo
825 1856 920 1914 inanis
938 1863 968 1914 et
980 1858 1068 1933 regiae

178 1955 320 2029 superbiae
342 1954 463 2029 imperio
484 1955 573 2011 nimis
594 1956 757 2030 gauderet.”
798 1955 870 2024 Quae
891 1957 989 2013 omnia
1007 1957 1069 2015 illis

179 2071 212 2108 eo
232 2053 361 2110 firmiora
380 2053 563 2124 videbantur,
593 2054 671 2128 quod
699 2053 896 2110 diuturnitate
924 2055 993 2111 belli
1021 2072 1070 2111 res

178 2150 334 2207 familiares
354 2155 551 2226 corruperant,
578 2155 609 2207 et
632 2151 728 2207 animo
750 2150 881 2225 cupienti
901 2150 977 2208 nibil
996 2151 1070 2208 satis

178 2245 343 2302 festinatur.

239 2341 336 2401 LXV.
380 2342 454 2398 Erat
471 2348 610 2416 praeterea
628 2343 660 2399 in
678 2343 809 2400 exercitu
823 2349 923 2400 nostro
936 2342 1069 2402 Numida

179 2437 307 2512 quidam,
320 2439 438 2496 nomine
453 2438 563 2508 Gauda,
577 2437 787 2494 Mastanabalis
799 2438 886 2506 filius,
905 2439 1068 2497 Masinissae

178 2551 275 2606 nepos,
297 2552 383 2607 quem
410 2533 536 2608 Micipsa
557 2538 732 2590 testamento
753 2534 910 2590 secundum
932 2533 1069 2591 heredem

179 2629 340 2703 scripserat,
355 2630 463 2686 morbis
477 2630 631 2699 confectus,
649 2635 680 2686 et
693 2630 730 2686 cb
743 2648 807 2686 eam
825 2648 955 2686 caussam
970 2637 1070 2691 mente

140 2752 146 2771 ι
180 2724 313 2800 paullum
337 2725 502 2782 imminuta.
545 2724 601 2782 Oui
622 2724 762 2781 Metellus
781 2725 903 2801 petenti,
924 2744 1004 2782 more
1024 2745 1070 2784 re-

179 2840 249 2896 gum
272 2820 318 2876 uti
342 2820 443 2877 sellam
459 2821 550 2896 juxta
568 2825 697 2896 poneret,
719 2821 791 2877 item
811 2826 912 2895 postea
931 2812 1089 2879 custodiae⁸

179 2934 280 2972 caussa
296 2923 422 2972 11111111
442 2917 576 2992 equitum
590 2916 797 2986 Romanorum,
813 2922 970 2991 utrumque
983 2935 1070 2993 nega=

180 3017 281 3082 verat3
301 3011 448 3082 honorem,
464 3012 542 3086 quod
556 3030 656 3068 eorum
670 3011 755 3068 modo
768 3013 850 3082 foret,
862 3030 934 3086 quos
943 3012 1071 3087 populus

180 3108 331 3165 Romanus
344 3127 425 3183 reges
438 3107 660 3182 adpellavisset3
681 3107 855 3182 praesidium,
874 3106 952 3182 qnod
969 3112 1071 3164 contu-

182 3203 332 3260 meliosum
360 3204 393 3260 in
417 3184 574 3271 eosforet,
603 3203 629 3260 si
647 3202 761 3277 equites
781 3203 909 3259 Romani
928 3202 1071 3260 satellites

182 3297 319 3356 Numidae
342 3299 535 3357 traderentur.
578 3298 669 3356 Hunc
689 3298 950 3373 Marius-anxium
968 3298 1070 3374 adgre

182 3392 271 3463 ditur,
290 3398 378 3470 atque
395 3394 538 3467 hortatur,
558 3395 604 3452 uti
626 3394 868 3453 contumeliarum
885 3393 1071 3471 imperatoris
