<?xml version="1.0" encoding="UTF-8"?>
<!DOCTYPE html PUBLIC "-//W3C//DTD XHTML 1.0 Transitional//EN"
    "http://www.w3.org/TR/xhtml1/DTD/xhtml1-transitional.dtd">
<html xmlns="http://www.w3.org/1999/xhtml" xml:lang="en" lang="en">
 <head>
  <title>
</title>
<meta http-equiv="Content-Type" content="text/html;charset=utf-8" />
  <meta name='ocr-system' content='tesseract 3.04.00' />
  <meta name='ocr-capabilities' content='ocr_page ocr_carea ocr_par ocr_line ocrx_word'/>
</head>
<body>
  <div class='ocr_page' id='page_1' title='image "./caiisallustiicr00merigoog_0250.png"; bbox 0 0 2426 3790; ppageno 0'>
   <div class='ocr_carea' id='block_1_1' title="bbox 362 247 1047 311">
    <p class='ocr_par' dir='ltr' id='par_1_1' title="bbox 362 247 1047 311">
     <span class='ocr_line' id='line_1_1' title="bbox 362 247 1047 311; baseline 0.003 -3"><span class='ocrx_word' id='word_1_1' title='bbox 362 247 585 308; x_wconf 70' lang='lat' dir='ltr'>artavum</span> <span class='ocrx_word' id='word_1_2' title='bbox 608 249 634 306; x_wconf 86' lang='lat' dir='ltr'><strong><em>J</em></strong></span> <span class='ocrx_word' id='word_1_3' title='bbox 638 248 844 311; x_wconf 71' lang='lat' dir='ltr'><em>UGURPHA.</em></span> <span class='ocrx_word' id='word_1_4' title='bbox 1009 250 1047 311; x_wconf 76' lang='lat' dir='ltr'>at</span> 
     </span>
    </p>
   </div>
   <div class='ocr_carea' id='block_1_2' title="bbox 153 403 1101 2016">
    <p class='ocr_par' dir='ltr' id='par_1_2' title="bbox 153 403 1101 2016">
     <span class='ocr_line' id='line_1_2' title="bbox 154 403 1101 485; baseline 0.004 -25"><span class='ocrx_word' id='word_1_5' title='bbox 154 404 286 480; x_wconf 81' lang='lat' dir='ltr'>quinque</span> <span class='ocrx_word' id='word_1_6' title='bbox 314 403 425 479; x_wconf 76' lang='lat' dir='ltr'><strong>deligit,</strong></span> <span class='ocrx_word' id='word_1_7' title='bbox 447 423 572 480; x_wconf 87' lang='lat' dir='ltr'><strong>quorum</strong></span> <span class='ocrx_word' id='word_1_8' title='bbox 594 409 625 461; x_wconf 90' lang='lat' dir='ltr'>et</span> <span class='ocrx_word' id='word_1_9' title='bbox 645 404 716 461; x_wconf 78' lang='lat' dir='ltr'>fides</span> <span class='ocrx_word' id='word_1_10' title='bbox 733 405 856 480; x_wconf 86' lang='lat' dir='ltr'>cognita,</span> <span class='ocrx_word' id='word_1_11' title='bbox 879 412 910 463; x_wconf 89' lang='lat' dir='ltr'>et</span> <span class='ocrx_word' id='word_1_12' title='bbox 931 405 1049 481; x_wconf 85' lang='lat' dir='ltr'>ingenia</span> <span class='ocrx_word' id='word_1_13' title='bbox 1098 482 1101 485; x_wconf 17' lang='grc' dir='ltr'><strong><em>ι</em></strong></span> 
     </span>
     <span class='ocr_line' id='line_1_3' title="bbox 156 498 1045 577; baseline 0.007 -23"><span class='ocrx_word' id='word_1_14' title='bbox 156 498 333 555; x_wconf 78' lang='lat' dir='ltr'>validissima</span> <span class='ocrx_word' id='word_1_15' title='bbox 346 507 437 558; x_wconf 85' lang='lat' dir='ltr'>erant.</span> <span class='ocrx_word' id='word_1_16' title='bbox 481 500 540 558; x_wconf 85' lang='lat' dir='ltr'>Eos</span> <span class='ocrx_word' id='word_1_17' title='bbox 553 500 591 557; x_wconf 85' lang='lat' dir='ltr'>ad</span> <span class='ocrx_word' id='word_1_18' title='bbox 605 500 743 572; x_wconf 84' lang='lat' dir='ltr'>Marium,</span> <span class='ocrx_word' id='word_1_19' title='bbox 752 521 786 557; x_wconf 86' lang='lat' dir='ltr'>ac</span> <span class='ocrx_word' id='word_1_20' title='bbox 800 501 875 572; x_wconf 86' lang='lat' dir='ltr'>dein,</span> <span class='ocrx_word' id='word_1_21' title='bbox 888 503 912 558; x_wconf 90' lang='lat' dir='ltr'>si</span> <span class='ocrx_word' id='word_1_22' title='bbox 925 502 1045 577; x_wconf 79' lang='lat' dir='ltr'>placeat,</span> 
     </span>
     <span class='ocr_line' id='line_1_4' title="bbox 157 594 1048 672; baseline 0.003 -21"><span class='ocrx_word' id='word_1_23' title='bbox 157 594 291 667; x_wconf 83' lang='lat' dir='ltr'><strong>Romam,</strong></span> <span class='ocrx_word' id='word_1_24' title='bbox 306 595 417 671; x_wconf 76' lang='lat' dir='ltr'>legatos</span> <span class='ocrx_word' id='word_1_25' title='bbox 430 595 474 652; x_wconf 93' lang='lat' dir='ltr'>ire</span> <span class='ocrx_word' id='word_1_26' title='bbox 483 596 590 671; x_wconf 83' lang='lat' dir='ltr'>jubet:</span> <span class='ocrx_word' id='word_1_27' title='bbox 611 597 789 671; x_wconf 81' lang='lat' dir='ltr'>agendarum</span> <span class='ocrx_word' id='word_1_28' title='bbox 808 616 914 668; x_wconf 87' lang='lat' dir='ltr'>rerum,</span> <span class='ocrx_word' id='word_1_29' title='bbox 930 603 960 653; x_wconf 91' lang='lat' dir='ltr'>et</span> <span class='ocrx_word' id='word_1_30' title='bbox 978 617 1048 672; x_wconf 78' lang='lat' dir='ltr'>quo</span> 
     </span>
     <span class='ocr_line' id='line_1_5' title="bbox 156 692 1044 768; baseline 0.003 -21"><span class='ocrx_word' id='word_1_31' title='bbox 156 710 280 767; x_wconf 89' lang='lat' dir='ltr'>cumque</span> <span class='ocrx_word' id='word_1_32' title='bbox 306 692 392 748; x_wconf 89' lang='lat' dir='ltr'>modo</span> <span class='ocrx_word' id='word_1_33' title='bbox 413 692 483 749; x_wconf 91' lang='lat' dir='ltr'>belli</span> <span class='ocrx_word' id='word_1_34' title='bbox 502 692 702 768; x_wconf 85' lang='lat' dir='ltr'>componendi,</span> <span class='ocrx_word' id='word_1_35' title='bbox 723 692 871 749; x_wconf 71' lang='lat' dir='ltr'>licentiam</span> <span class='ocrx_word' id='word_1_36' title='bbox 892 694 1044 768; x_wconf 82' lang='lat' dir='ltr'>permittit</span> 
     </span>
     <span class='ocr_line' id='line_1_6' title="bbox 155 787 1045 864; baseline 0.002 -20"><span class='ocrx_word' id='word_1_37' title='bbox 155 787 208 844; x_wconf 91' lang='lat' dir='ltr'>Illi</span> <span class='ocrx_word' id='word_1_38' title='bbox 235 795 351 845; x_wconf 84' lang='lat' dir='ltr'>mature</span> <span class='ocrx_word' id='word_1_39' title='bbox 374 787 412 844; x_wconf 87' lang='lat' dir='ltr'>ad</span> <span class='ocrx_word' id='word_1_40' title='bbox 440 788 562 846; x_wconf 85' lang='lat' dir='ltr'>hiberna</span> <span class='ocrx_word' id='word_1_41' title='bbox 589 788 789 846; x_wconf 80' lang='lat' dir='ltr'><strong>Romanorum</strong></span> <span class='ocrx_word' id='word_1_42' title='bbox 812 789 1045 864; x_wconf 78' lang='lat' dir='ltr'>proficiscuntur:</span> 
     </span>
     <span class='ocr_line' id='line_1_7' title="bbox 155 884 1045 960; baseline -0.001 -19"><span class='ocrx_word' id='word_1_43' title='bbox 155 884 269 956; x_wconf 85' lang='lat' dir='ltr'>deinde,</span> <span class='ocrx_word' id='word_1_44' title='bbox 290 885 396 942; x_wconf 85' lang='lat' dir='ltr'>itinere</span> <span class='ocrx_word' id='word_1_45' title='bbox 416 904 433 941; x_wconf 81' lang='lat' dir='ltr'><strong>a</strong></span> <span class='ocrx_word' id='word_1_46' title='bbox 453 884 578 942; x_wconf 78' lang='lat' dir='ltr'>Gaetulia</span> <span class='ocrx_word' id='word_1_47' title='bbox 591 884 753 941; x_wconf 79' lang='lat' dir='ltr'><strong>latronibus</strong></span> <span class='ocrx_word' id='word_1_48' title='bbox 770 885 962 942; x_wconf 85' lang='lat' dir='ltr'>circumventi</span> <span class='ocrx_word' id='word_1_49' title='bbox 983 904 1045 960; x_wconf 81' lang='lat' dir='ltr'><strong>upo-</strong></span> 
     </span>
     <span class='ocr_line' id='line_1_8' title="bbox 156 980 1043 1057; baseline 0.002 -21"><span class='ocrx_word' id='word_1_50' title='bbox 156 980 287 1056; x_wconf 85' lang='lat' dir='ltr'>liatique,</span> <span class='ocrx_word' id='word_1_51' title='bbox 311 981 419 1056; x_wconf 82' lang='lat' dir='ltr'>pavidi,</span> <span class='ocrx_word' id='word_1_52' title='bbox 444 981 507 1038; x_wconf 83' lang='lat' dir='ltr'>aine</span> <span class='ocrx_word' id='word_1_53' title='bbox 533 981 635 1038; x_wconf 85' lang='lat' dir='ltr'>decore</span> <span class='ocrx_word' id='word_1_54' title='bbox 662 981 700 1038; x_wconf 85' lang='lat' dir='ltr'>ad</span> <span class='ocrx_word' id='word_1_55' title='bbox 728 981 838 1038; x_wconf 78' lang='lat' dir='ltr'><strong>Sullam</strong></span> <span class='ocrx_word' id='word_1_56' title='bbox 865 982 1043 1057; x_wconf 70' lang='lat' dir='ltr'>perfugiunt,</span> 
     </span>
     <span class='ocr_line' id='line_1_9' title="bbox 154 1076 1045 1153; baseline 0.002 -21"><span class='ocrx_word' id='word_1_57' title='bbox 154 1096 243 1153; x_wconf 85' lang='lat' dir='ltr'><strong>quom</strong></span> <span class='ocrx_word' id='word_1_58' title='bbox 257 1077 365 1146; x_wconf 82' lang='lat' dir='ltr'>consul,</span> <span class='ocrx_word' id='word_1_59' title='bbox 381 1077 412 1132; x_wconf 89' lang='lat' dir='ltr'>in</span> <span class='ocrx_word' id='word_1_60' title='bbox 426 1076 641 1151; x_wconf 86' lang='lat' dir='ltr'>expeditionem</span> <span class='ocrx_word' id='word_1_61' title='bbox 653 1077 842 1151; x_wconf 81' lang='lat' dir='ltr'>proficiscens,</span> <span class='ocrx_word' id='word_1_62' title='bbox 856 1096 908 1152; x_wconf 88' lang='lat' dir='ltr'>pro</span> <span class='ocrx_word' id='word_1_63' title='bbox 922 1082 1045 1152; x_wconf 83' lang='lat' dir='ltr'><strong>praetoro</strong></span> 
     </span>
     <span class='ocr_line' id='line_1_10' title="bbox 155 1171 1045 1248; baseline 0 -20"><span class='ocrx_word' id='word_1_64' title='bbox 155 1172 321 1248; x_wconf 82' lang='lat' dir='ltr'>reliquerat.</span> <span class='ocrx_word' id='word_1_65' title='bbox 364 1171 422 1228; x_wconf 80' lang='lat' dir='ltr'>an</span> <span class='ocrx_word' id='word_1_66' title='bbox 435 1171 485 1228; x_wconf 90' lang='lat' dir='ltr'>ille</span> <span class='ocrx_word' id='word_1_67' title='bbox 498 1191 559 1228; x_wconf 94' lang='lat' dir='ltr'>non</span> <span class='ocrx_word' id='word_1_68' title='bbox 572 1190 624 1246; x_wconf 84' lang='lat' dir='ltr'>pro</span> <span class='ocrx_word' id='word_1_69' title='bbox 637 1172 722 1228; x_wconf 80' lang='lat' dir='ltr'>vanis</span> <span class='ocrx_word' id='word_1_70' title='bbox 735 1171 876 1243; x_wconf 75' lang='lat' dir='ltr'>hostibus,</span> <span class='ocrx_word' id='word_1_71' title='bbox 895 1178 930 1228; x_wconf 93' lang='lat' dir='ltr'>ut</span> <span class='ocrx_word' id='word_1_72' title='bbox 947 1173 1045 1228; x_wconf 88' lang='lat' dir='ltr'>meriti</span> 
     </span>
     <span class='ocr_line' id='line_1_11' title="bbox 155 1267 1044 1342; baseline -0.001 -17"><span class='ocrx_word' id='word_1_73' title='bbox 155 1274 246 1337; x_wconf 79' lang='lat' dir='ltr'>erant,</span> <span class='ocrx_word' id='word_1_74' title='bbox 266 1268 315 1324; x_wconf 83' lang='lat' dir='ltr'>sed</span> <span class='ocrx_word' id='word_1_75' title='bbox 335 1268 473 1325; x_wconf 80' lang='lat' dir='ltr'>adcurate</span> <span class='ocrx_word' id='word_1_76' title='bbox 492 1287 525 1325; x_wconf 84' lang='lat' dir='ltr'>ac</span> <span class='ocrx_word' id='word_1_77' title='bbox 541 1267 701 1325; x_wconf 76' lang='lat' dir='ltr'><strong>liberaliter</strong></span> <span class='ocrx_word' id='word_1_78' title='bbox 718 1267 837 1339; x_wconf 87' lang='lat' dir='ltr'>habuit;</span> <span class='ocrx_word' id='word_1_79' title='bbox 858 1286 916 1342; x_wconf 84' lang='lat' dir='ltr'>qua</span> <span class='ocrx_word' id='word_1_80' title='bbox 933 1287 964 1324; x_wconf 90' lang='lat' dir='ltr'>re</span> <span class='ocrx_word' id='word_1_81' title='bbox 983 1269 1044 1325; x_wconf 88' lang='lat' dir='ltr'>bar·</span> 
     </span>
     <span class='ocr_line' id='line_1_12' title="bbox 154 1356 1042 1433; baseline -0.005 -12"><span class='ocrx_word' id='word_1_82' title='bbox 154 1356 219 1421; x_wconf 77' lang='lat' dir='ltr'>bari</span> <span class='ocrx_word' id='word_1_83' title='bbox 232 1369 263 1420; x_wconf 89' lang='lat' dir='ltr'>et</span> <span class='ocrx_word' id='word_1_84' title='bbox 277 1363 383 1419; x_wconf 86' lang='lat' dir='ltr'><strong>famam</strong></span> <span class='ocrx_word' id='word_1_85' title='bbox 399 1362 599 1420; x_wconf 85' lang='lat' dir='ltr'><strong>Romanorum</strong></span> <span class='ocrx_word' id='word_1_86' title='bbox 613 1363 743 1418; x_wconf 76' lang='lat' dir='ltr'>avaritiae</span> <span class='ocrx_word' id='word_1_87' title='bbox 758 1362 867 1431; x_wconf 82' lang='lat' dir='ltr'>falsam,</span> <span class='ocrx_word' id='word_1_88' title='bbox 879 1369 909 1417; x_wconf 88' lang='lat' dir='ltr'>et</span> <span class='ocrx_word' id='word_1_89' title='bbox 923 1361 1042 1433; x_wconf 80' lang='lat' dir='ltr'><strong>Sullam,</strong></span> 
     </span>
     <span class='ocr_line' id='line_1_13' title="bbox 154 1458 1044 1529; baseline 0 -14"><span class='ocrx_word' id='word_1_90' title='bbox 154 1460 192 1516; x_wconf 90' lang='lat' dir='ltr'>ob</span> <span class='ocrx_word' id='word_1_91' title='bbox 216 1459 446 1515; x_wconf 87' lang='lat' dir='ltr'>munificentiam</span> <span class='ocrx_word' id='word_1_92' title='bbox 467 1458 499 1515; x_wconf 91' lang='lat' dir='ltr'>in</span> <span class='ocrx_word' id='word_1_93' title='bbox 521 1478 589 1529; x_wconf 77' lang='lat' dir='ltr'>aeae,</span> <span class='ocrx_word' id='word_1_94' title='bbox 604 1459 729 1515; x_wconf 83' lang='lat' dir='ltr'>amicum</span> <span class='ocrx_word' id='word_1_95' title='bbox 749 1459 814 1515; x_wconf 89' lang='lat' dir='ltr'>rati.</span> <span class='ocrx_word' id='word_1_96' title='bbox 857 1458 936 1514; x_wconf 82' lang='lat' dir='ltr'>Nam</span> <span class='ocrx_word' id='word_1_97' title='bbox 954 1459 1044 1515; x_wconf 86' lang='lat' dir='ltr'>etiam</span> 
     </span>
     <span class='ocr_line' id='line_1_14' title="bbox 154 1553 1041 1630; baseline -0.007 -16"><span class='ocrx_word' id='word_1_98' title='bbox 154 1562 219 1614; x_wconf 86' lang='lat' dir='ltr'>tum</span> <span class='ocrx_word' id='word_1_99' title='bbox 233 1555 351 1630; x_wconf 72' lang='lat' dir='ltr'><strong>largitio</strong></span> <span class='ocrx_word' id='word_1_100' title='bbox 364 1555 465 1612; x_wconf 80' lang='lat' dir='ltr'>multis</span> <span class='ocrx_word' id='word_1_101' title='bbox 478 1555 593 1630; x_wconf 86' lang='lat' dir='ltr'>ignara:</span> <span class='ocrx_word' id='word_1_102' title='bbox 609 1555 763 1612; x_wconf 85' lang='lat' dir='ltr'>munificus</span> <span class='ocrx_word' id='word_1_103' title='bbox 776 1572 861 1610; x_wconf 88' lang='lat' dir='ltr'>nemo</span> <span class='ocrx_word' id='word_1_104' title='bbox 875 1553 1041 1628; x_wconf 82' lang='lat' dir='ltr'>putabatur,</span> 
     </span>
     <span class='ocr_line' id='line_1_15' title="bbox 153 1649 1043 1726; baseline -0.002 -17"><span class='ocrx_word' id='word_1_105' title='bbox 153 1651 213 1709; x_wconf 84' lang='lat' dir='ltr'>nisi</span> <span class='ocrx_word' id='word_1_106' title='bbox 231 1652 341 1726; x_wconf 83' lang='lat' dir='ltr'>pariter</span> <span class='ocrx_word' id='word_1_107' title='bbox 358 1650 475 1707; x_wconf 81' lang='lat' dir='ltr'>volens:</span> <span class='ocrx_word' id='word_1_108' title='bbox 498 1651 575 1707; x_wconf 88' lang='lat' dir='ltr'>dona</span> <span class='ocrx_word' id='word_1_109' title='bbox 592 1651 691 1707; x_wconf 86' lang='lat' dir='ltr'>omnia</span> <span class='ocrx_word' id='word_1_110' title='bbox 709 1651 740 1706; x_wconf 92' lang='lat' dir='ltr'>in</span> <span class='ocrx_word' id='word_1_111' title='bbox 758 1651 937 1724; x_wconf 72' lang='lat' dir='ltr'>benignitate</span> <span class='ocrx_word' id='word_1_112' title='bbox 958 1649 1043 1707; x_wconf 79' lang='lat' dir='ltr'>babo</span> 
     </span>
     <span class='ocr_line' id='line_1_16' title="bbox 153 1746 1043 1822; baseline -0.001 -17"><span class='ocrx_word' id='word_1_113' title='bbox 153 1749 270 1806; x_wconf 83' lang='lat' dir='ltr'>bantur.</span> <span class='ocrx_word' id='word_1_114' title='bbox 314 1747 412 1822; x_wconf 83' lang='lat' dir='ltr'>Igitur</span> <span class='ocrx_word' id='word_1_115' title='bbox 425 1748 563 1822; x_wconf 82' lang='lat' dir='ltr'>quaestori</span> <span class='ocrx_word' id='word_1_116' title='bbox 576 1747 713 1803; x_wconf 84' lang='lat' dir='ltr'>mandata</span> <span class='ocrx_word' id='word_1_117' title='bbox 730 1747 837 1803; x_wconf 83' lang='lat' dir='ltr'>Bocchi</span> <span class='ocrx_word' id='word_1_118' title='bbox 849 1746 1043 1821; x_wconf 75' lang='lat' dir='ltr'>patefaciunt:</span> 
     </span>
     <span class='ocr_line' id='line_1_17' title="bbox 153 1842 1041 1919; baseline -0.003 -16"><span class='ocrx_word' id='word_1_119' title='bbox 153 1846 241 1903; x_wconf 84' lang='lat' dir='ltr'>eimul</span> <span class='ocrx_word' id='word_1_120' title='bbox 255 1846 339 1901; x_wconf 88' lang='lat' dir='ltr'>abeo</span> <span class='ocrx_word' id='word_1_121' title='bbox 354 1851 466 1919; x_wconf 88' lang='lat' dir='ltr'>petunt,</span> <span class='ocrx_word' id='word_1_122' title='bbox 482 1844 529 1901; x_wconf 89' lang='lat' dir='ltr'>uti</span> <span class='ocrx_word' id='word_1_123' title='bbox 542 1845 640 1900; x_wconf 83' lang='lat' dir='ltr'><strong>fautor</strong></span> <span class='ocrx_word' id='word_1_124' title='bbox 657 1843 860 1917; x_wconf 83' lang='lat' dir='ltr'>consultorque</span> <span class='ocrx_word' id='word_1_125' title='bbox 878 1843 932 1899; x_wconf 83' lang='lat' dir='ltr'>eibi</span> <span class='ocrx_word' id='word_1_126' title='bbox 946 1842 1041 1900; x_wconf 78' lang='lat' dir='ltr'>adsit:</span> 
     </span>
     <span class='ocr_line' id='line_1_18' title="bbox 153 1940 1043 2016; baseline 0 -20"><span class='ocrx_word' id='word_1_127' title='bbox 153 1940 257 2015; x_wconf 84' lang='lat' dir='ltr'>copias,</span> <span class='ocrx_word' id='word_1_128' title='bbox 275 1940 371 2009; x_wconf 80' lang='lat' dir='ltr'>iidem,</span> <span class='ocrx_word' id='word_1_129' title='bbox 386 1942 618 2016; x_wconf 83' lang='lat' dir='ltr'>magnitudinem</span> <span class='ocrx_word' id='word_1_130' title='bbox 632 1942 707 2016; x_wconf 80' lang='lat' dir='ltr'>regis</span> <span class='ocrx_word' id='word_1_131' title='bbox 722 1941 774 2010; x_wconf 88' lang='lat' dir='ltr'>sui,</span> <span class='ocrx_word' id='word_1_132' title='bbox 791 1948 821 1996; x_wconf 89' lang='lat' dir='ltr'>et</span> <span class='ocrx_word' id='word_1_133' title='bbox 831 1940 896 2010; x_wconf 83' lang='lat' dir='ltr'>ulia,</span> <span class='ocrx_word' id='word_1_134' title='bbox 912 1959 976 2015; x_wconf 83' lang='lat' dir='ltr'>quae</span> <span class='ocrx_word' id='word_1_135' title='bbox 990 1947 1043 1996; x_wconf 82' lang='lat' dir='ltr'>aut</span> 
     </span>
    </p>
   </div>
   <div class='ocr_carea' id='block_1_3' title="bbox 48 2036 1043 2106">
    <p class='ocr_par' dir='ltr' id='par_1_3' title="bbox 48 2036 1043 2106">
     <span class='ocr_line' id='line_1_19' title="bbox 48 2036 1043 2106; baseline -0.002 -13"><span class='ocrx_word' id='word_1_136' title='bbox 48 2072 51 2078; x_wconf 78' lang='lat'><em>,</em></span> <span class='ocrx_word' id='word_1_137' title='bbox 153 2037 239 2093; x_wconf 90' lang='lat' dir='ltr'>utilia</span> <span class='ocrx_word' id='word_1_138' title='bbox 252 2045 304 2093; x_wconf 87' lang='lat' dir='ltr'>aut</span> <span class='ocrx_word' id='word_1_139' title='bbox 319 2038 527 2094; x_wconf 75' lang='lat' dir='ltr'>benevolentia</span> <span class='ocrx_word' id='word_1_140' title='bbox 548 2055 608 2094; x_wconf 81' lang='lat' dir='ltr'>esse</span> <span class='ocrx_word' id='word_1_141' title='bbox 627 2039 791 2106; x_wconf 83' lang='lat' dir='ltr'>credebant,</span> <span class='ocrx_word' id='word_1_142' title='bbox 808 2037 938 2092; x_wconf 83' lang='lat' dir='ltr'>oratione</span> <span class='ocrx_word' id='word_1_143' title='bbox 951 2036 1043 2092; x_wconf 86' lang='lat' dir='ltr'>extol-</span> 
     </span>
    </p>
   </div>
   <div class='ocr_carea' id='block_1_4' title="bbox 152 2129 1043 2972">
    <p class='ocr_par' dir='ltr' id='par_1_4' title="bbox 152 2129 1043 2398">
     <span class='ocr_line' id='line_1_20' title="bbox 152 2129 1043 2207; baseline -0.003 -19"><span class='ocrx_word' id='word_1_144' title='bbox 152 2132 220 2189; x_wconf 93' lang='lat' dir='ltr'>lunt</span> <span class='ocrx_word' id='word_1_145' title='bbox 235 2154 240 2190; x_wconf 96' lang='lat'><strong>:</strong></span> <span class='ocrx_word' id='word_1_146' title='bbox 262 2133 339 2203; x_wconf 91' lang='lat' dir='ltr'>dein,</span> <span class='ocrx_word' id='word_1_147' title='bbox 349 2131 431 2189; x_wconf 82' lang='lat' dir='ltr'><strong>Sulla</strong></span> <span class='ocrx_word' id='word_1_148' title='bbox 444 2132 542 2189; x_wconf 81' lang='lat' dir='ltr'>omnia</span> <span class='ocrx_word' id='word_1_149' title='bbox 555 2132 693 2207; x_wconf 87' lang='lat' dir='ltr'>pollicito,</span> <span class='ocrx_word' id='word_1_150' title='bbox 705 2133 791 2201; x_wconf 86' lang='lat' dir='ltr'>docti,</span> <span class='ocrx_word' id='word_1_151' title='bbox 803 2150 861 2206; x_wconf 91' lang='lat' dir='ltr'>quo</span> <span class='ocrx_word' id='word_1_152' title='bbox 871 2130 957 2187; x_wconf 92' lang='lat' dir='ltr'>modo</span> <span class='ocrx_word' id='word_1_153' title='bbox 964 2129 1043 2204; x_wconf 86' lang='lat' dir='ltr'>apud</span> 
     </span>
     <span class='ocr_line' id='line_1_21' title="bbox 154 2214 1043 2304; baseline -0.003 -20"><span class='ocrx_word' id='word_1_154' title='bbox 154 2227 291 2293; x_wconf 82' lang='lat' dir='ltr'>Marium,</span> <span class='ocrx_word' id='word_1_155' title='bbox 312 2214 389 2284; x_wconf 75' lang='lat' dir='ltr'>item¹</span> <span class='ocrx_word' id='word_1_156' title='bbox 407 2228 485 2304; x_wconf 88' lang='lat' dir='ltr'>apud</span> <span class='ocrx_word' id='word_1_157' title='bbox 504 2234 646 2299; x_wconf 82' lang='lat' dir='ltr'>senatum,</span> <span class='ocrx_word' id='word_1_158' title='bbox 666 2229 756 2285; x_wconf 87' lang='lat' dir='ltr'>verba</span> <span class='ocrx_word' id='word_1_159' title='bbox 773 2228 909 2296; x_wconf 83' lang='lat' dir='ltr'>facerent,</span> <span class='ocrx_word' id='word_1_160' title='bbox 928 2226 1043 2282; x_wconf 80' lang='lat' dir='ltr'>circiter</span> 
     </span>
     <span class='ocr_line' id='line_1_22' title="bbox 153 2323 611 2398; baseline 0 -18"><span class='ocrx_word' id='word_1_161' title='bbox 153 2323 214 2380; x_wconf 84' lang='lat' dir='ltr'>dies</span> <span class='ocrx_word' id='word_1_162' title='bbox 228 2340 273 2381; x_wconf 81' lang='lat' dir='ltr'>xn.</span> <span class='ocrx_word' id='word_1_163' title='bbox 290 2325 396 2380; x_wconf 86' lang='lat' dir='ltr'>ibidem</span> <span class='ocrx_word' id='word_1_164' title='bbox 411 2325 611 2398; x_wconf 83' lang='lat' dir='ltr'>opperiuntur.</span> 
     </span>
    </p>

    <p class='ocr_par' dir='ltr' id='par_1_5' title="bbox 152 2417 1043 2972">
     <span class='ocr_line' id='line_1_23' title="bbox 215 2417 1040 2495; baseline -0.004 -19"><span class='ocrx_word' id='word_1_165' title='bbox 215 2419 297 2476; x_wconf 84' lang='lat' dir='ltr'><strong>OIV.</strong></span> <span class='ocrx_word' id='word_1_166' title='bbox 341 2419 454 2476; x_wconf 82' lang='lat' dir='ltr'>Marius</span> <span class='ocrx_word' id='word_1_167' title='bbox 469 2429 630 2495; x_wconf 84' lang='lat' dir='ltr'>postquam,</span> <span class='ocrx_word' id='word_1_168' title='bbox 642 2418 779 2487; x_wconf 83' lang='lat' dir='ltr'>confecto,</span> <span class='ocrx_word' id='word_1_169' title='bbox 796 2437 853 2493; x_wconf 91' lang='lat' dir='ltr'>quo</span> <span class='ocrx_word' id='word_1_170' title='bbox 867 2417 1040 2488; x_wconf 82' lang='lat' dir='ltr'>intenderat,</span> 
     </span>
     <span class='ocr_line' id='line_1_24' title="bbox 152 2514 1043 2590; baseline -0.002 -17"><span class='ocrx_word' id='word_1_171' title='bbox 152 2517 277 2590; x_wconf 83' lang='lat' dir='ltr'>negotio,</span> <span class='ocrx_word' id='word_1_172' title='bbox 303 2515 415 2573; x_wconf 81' lang='lat' dir='ltr'>Cirtam</span> <span class='ocrx_word' id='word_1_173' title='bbox 436 2516 521 2586; x_wconf 81' lang='lat' dir='ltr'>redit,</span> <span class='ocrx_word' id='word_1_174' title='bbox 547 2515 583 2572; x_wconf 91' lang='lat' dir='ltr'>de</span> <span class='ocrx_word' id='word_1_175' title='bbox 606 2515 736 2571; x_wconf 85' lang='lat' dir='ltr'>adventu</span> <span class='ocrx_word' id='word_1_176' title='bbox 756 2515 918 2589; x_wconf 85' lang='lat' dir='ltr'>legatorum</span> <span class='ocrx_word' id='word_1_177' title='bbox 938 2514 1043 2571; x_wconf 85' lang='lat' dir='ltr'>certior</span> 
     </span>
     <span class='ocr_line' id='line_1_25' title="bbox 153 2610 1042 2686; baseline -0.002 -19"><span class='ocrx_word' id='word_1_178' title='bbox 153 2611 255 2680; x_wconf 83' lang='lat' dir='ltr'>factus,</span> <span class='ocrx_word' id='word_1_179' title='bbox 269 2610 393 2686; x_wconf 81' lang='lat' dir='ltr'>illosque</span> <span class='ocrx_word' id='word_1_180' title='bbox 406 2618 437 2667; x_wconf 90' lang='lat' dir='ltr'>et</span> <span class='ocrx_word' id='word_1_181' title='bbox 450 2610 563 2668; x_wconf 83' lang='lat' dir='ltr'>Sullam</span> <span class='ocrx_word' id='word_1_182' title='bbox 584 2611 621 2666; x_wconf 86' lang='lat' dir='ltr'>ab</span> <span class='ocrx_word' id='word_1_183' title='bbox 636 2610 727 2667; x_wconf 89' lang='lat' dir='ltr'>Utica</span> <span class='ocrx_word' id='word_1_184' title='bbox 746 2612 845 2666; x_wconf 85' lang='lat' dir='ltr'>venire</span> <span class='ocrx_word' id='word_1_185' title='bbox 861 2610 956 2684; x_wconf 81' lang='lat' dir='ltr'>jubet,</span> <span class='ocrx_word' id='word_1_186' title='bbox 970 2611 1042 2668; x_wconf 86' lang='lat' dir='ltr'>item</span> 
     </span>
     <span class='ocr_line' id='line_1_26' title="bbox 153 2705 1041 2781; baseline -0.001 -19"><span class='ocrx_word' id='word_1_187' title='bbox 153 2705 185 2762; x_wconf 86' lang='lat' dir='ltr'>L</span> <span class='ocrx_word' id='word_1_188' title='bbox 199 2705 365 2762; x_wconf 89' lang='lat' dir='ltr'>Bellienum</span> <span class='ocrx_word' id='word_1_189' title='bbox 378 2712 540 2781; x_wconf 74' lang='lat' dir='ltr'>pratorum,</span> <span class='ocrx_word' id='word_1_190' title='bbox 555 2711 694 2781; x_wconf 82' lang='lat' dir='ltr'>praeterea</span> <span class='ocrx_word' id='word_1_191' title='bbox 708 2725 807 2762; x_wconf 85' lang='lat' dir='ltr'>omnee</span> <span class='ocrx_word' id='word_1_192' title='bbox 820 2706 949 2781; x_wconf 87' lang='lat' dir='ltr'>undique</span> <span class='ocrx_word' id='word_1_193' title='bbox 961 2724 1041 2763; x_wconf 78' lang='lat' dir='ltr'>sena-</span> 
     </span>
     <span class='ocr_line' id='line_1_27' title="bbox 152 2801 1039 2878; baseline 0.007 -21"><span class='ocrx_word' id='word_1_194' title='bbox 152 2801 223 2857; x_wconf 89' lang='lat' dir='ltr'>torii</span> <span class='ocrx_word' id='word_1_195' title='bbox 249 2802 369 2867; x_wconf 79' lang='lat' dir='ltr'>ordinis,</span> <span class='ocrx_word' id='word_1_196' title='bbox 392 2802 566 2877; x_wconf 77' lang='lat' dir='ltr'>quibuscum</span> <span class='ocrx_word' id='word_1_197' title='bbox 594 2803 732 2859; x_wconf 86' lang='lat' dir='ltr'>mandata</span> <span class='ocrx_word' id='word_1_198' title='bbox 756 2802 863 2860; x_wconf 87' lang='lat' dir='ltr'>Bocchi</span> <span class='ocrx_word' id='word_1_199' title='bbox 886 2804 1039 2878; x_wconf 77' lang='lat' dir='ltr'>cognoscit.</span> 
     </span>
     <span class='ocr_line' id='line_1_28' title="bbox 152 2896 1042 2972; baseline 0.002 -19"><span class='ocrx_word' id='word_1_200' title='bbox 152 2896 270 2971; x_wconf 74' lang='lat' dir='ltr'>Legatie</span> <span class='ocrx_word' id='word_1_201' title='bbox 283 2902 410 2972; x_wconf 72' lang='lat' dir='ltr'>potestas</span> <span class='ocrx_word' id='word_1_202' title='bbox 424 2898 514 2955; x_wconf 89' lang='lat' dir='ltr'>eundi</span> <span class='ocrx_word' id='word_1_203' title='bbox 528 2896 654 2955; x_wconf 80' lang='lat' dir='ltr'><strong>Romam</strong></span> <span class='ocrx_word' id='word_1_204' title='bbox 668 2898 702 2953; x_wconf 84' lang='lat' dir='ltr'>fit</span> <span class='ocrx_word' id='word_1_205' title='bbox 718 2899 755 2957; x_wconf 81' lang='lat' dir='ltr'>ab</span> <span class='ocrx_word' id='word_1_206' title='bbox 772 2898 888 2955; x_wconf 82' lang='lat' dir='ltr'>consule</span> <span class='ocrx_word' id='word_1_207' title='bbox 902 2920 908 2956; x_wconf 77' lang='grc' dir='ltr'><strong>ε</strong></span> <span class='ocrx_word' id='word_1_208' title='bbox 930 2902 1042 2957; x_wconf 81' lang='lat' dir='ltr'>interea</span> 
     </span>
    </p>
   </div>
   <div class='ocr_carea' id='block_1_5' title="bbox 150 2991 1041 3454">
    <p class='ocr_par' dir='ltr' id='par_1_6' title="bbox 150 2991 1041 3454">
     <span class='ocr_line' id='line_1_29' title="bbox 150 2991 1041 3070; baseline 0.003 -22"><span class='ocrx_word' id='word_1_209' title='bbox 150 2991 275 3049; x_wconf 74' lang='lat' dir='ltr'>inducia</span> <span class='ocrx_word' id='word_1_210' title='bbox 297 2992 528 3067; x_wconf 74' lang='lat' dir='ltr'>postulabantur.</span> <span class='ocrx_word' id='word_1_211' title='bbox 570 2991 614 3048; x_wconf 86' lang='lat' dir='ltr'>Ea</span> <span class='ocrx_word' id='word_1_212' title='bbox 642 2992 729 3049; x_wconf 85' lang='lat' dir='ltr'><strong>Sullae</strong></span> <span class='ocrx_word' id='word_1_213' title='bbox 753 3002 784 3050; x_wconf 89' lang='lat' dir='ltr'>et</span> <span class='ocrx_word' id='word_1_214' title='bbox 810 2994 956 3069; x_wconf 73' lang='lat' dir='ltr'>plerisque</span> <span class='ocrx_word' id='word_1_215' title='bbox 982 2994 1041 3070; x_wconf 87' lang='lat' dir='ltr'>pla·</span> 
     </span>
     <span class='ocr_line' id='line_1_30' title="bbox 151 3087 1041 3164; baseline 0.002 -19"><span class='ocrx_word' id='word_1_216' title='bbox 151 3106 255 3146; x_wconf 76' lang='lat' dir='ltr'>ouem:</span> <span class='ocrx_word' id='word_1_217' title='bbox 277 3088 362 3163; x_wconf 86' lang='lat' dir='ltr'>pauci</span> <span class='ocrx_word' id='word_1_218' title='bbox 374 3087 497 3147; x_wconf 83' lang='lat' dir='ltr'>ferocius</span> <span class='ocrx_word' id='word_1_219' title='bbox 511 3087 679 3158; x_wconf 88' lang='lat' dir='ltr'>decernunt,</span> <span class='ocrx_word' id='word_1_220' title='bbox 695 3089 805 3146; x_wconf 74' lang='lat' dir='ltr'>scilieet</span> <span class='ocrx_word' id='word_1_221' title='bbox 827 3090 920 3164; x_wconf 82' lang='lat' dir='ltr'>ignari</span> <span class='ocrx_word' id='word_1_222' title='bbox 939 3089 1041 3147; x_wconf 88' lang='lat' dir='ltr'>huma·</span> 
     </span>
     <span class='ocr_line' id='line_1_31' title="bbox 152 3183 1041 3267; baseline 0.001 -28"><span class='ocrx_word' id='word_1_223' title='bbox 152 3201 257 3239; x_wconf 76' lang='lat' dir='ltr'>narum</span> <span class='ocrx_word' id='word_1_224' title='bbox 271 3200 377 3251; x_wconf 85' lang='lat' dir='ltr'>rerum,</span> <span class='ocrx_word' id='word_1_225' title='bbox 388 3201 461 3257; x_wconf 78' lang='lat' dir='ltr'>quae,</span> <span class='ocrx_word' id='word_1_226' title='bbox 472 3183 559 3239; x_wconf 66' lang='lat' dir='ltr'>fluxae</span> <span class='ocrx_word' id='word_1_227' title='bbox 568 3189 599 3240; x_wconf 88' lang='lat' dir='ltr'>et</span> <span class='ocrx_word' id='word_1_228' title='bbox 608 3183 735 3253; x_wconf 80' lang='lat' dir='ltr'>mobiles,</span> <span class='ocrx_word' id='word_1_229' title='bbox 750 3202 863 3257; x_wconf 85' lang='lat' dir='ltr'>semper</span> <span class='ocrx_word' id='word_1_230' title='bbox 875 3184 907 3240; x_wconf 91' lang='lat' dir='ltr'>in</span> <span class='ocrx_word' id='word_1_231' title='bbox 920 3184 1041 3267; x_wconf 80' lang='lat' dir='ltr'>adversa</span> 
     </span>
     <span class='ocr_line' id='line_1_32' title="bbox 152 3278 1039 3354; baseline -0.002 -14"><span class='ocrx_word' id='word_1_232' title='bbox 152 3285 313 3341; x_wconf 79' lang='lat' dir='ltr'>mutantur.</span> <span class='ocrx_word' id='word_1_233' title='bbox 347 3279 484 3336; x_wconf 77' lang='lat' dir='ltr'>Ceterum</span> <span class='ocrx_word' id='word_1_234' title='bbox 497 3278 606 3351; x_wconf 73' lang='lat' dir='ltr'>Mauri,</span> <span class='ocrx_word' id='word_1_235' title='bbox 621 3278 784 3354; x_wconf 78' lang='lat' dir='ltr'>impetratis</span> <span class='ocrx_word' id='word_1_236' title='bbox 798 3280 932 3336; x_wconf 82' lang='lat' dir='ltr'>omnibus</span> <span class='ocrx_word' id='word_1_237' title='bbox 945 3280 1039 3351; x_wconf 80' lang='lat' dir='ltr'>rebus,</span> 
     </span>
     <span class='ocr_line' id='line_1_33' title="bbox 152 3374 1040 3454; baseline 0.005 -23"><span class='ocrx_word' id='word_1_238' title='bbox 152 3379 212 3431; x_wconf 76' lang='lat' dir='ltr'>tres</span> <span class='ocrx_word' id='word_1_239' title='bbox 240 3374 366 3432; x_wconf 87' lang='lat' dir='ltr'><strong>Romam</strong></span> <span class='ocrx_word' id='word_1_240' title='bbox 392 3376 514 3452; x_wconf 83' lang='lat' dir='ltr'>profecti</span> <span class='ocrx_word' id='word_1_241' title='bbox 541 3395 609 3434; x_wconf 86' lang='lat' dir='ltr'>curn</span> <span class='ocrx_word' id='word_1_242' title='bbox 640 3375 692 3432; x_wconf 79' lang='lat' dir='ltr'>On</span> <span class='ocrx_word' id='word_1_243' title='bbox 724 3375 845 3432; x_wconf 88' lang='lat' dir='ltr'>Octavio</span> <span class='ocrx_word' id='word_1_244' title='bbox 873 3374 961 3450; x_wconf 87' lang='lat' dir='ltr'><strong>Rufo,</strong></span> <span class='ocrx_word' id='word_1_245' title='bbox 989 3377 1040 3454; x_wconf 91' lang='lat' dir='ltr'>qui</span> 
     </span>
    </p>
   </div>
   <div class='ocr_carea' id='block_1_6' title="bbox 0 0 1218 3790">
    <p class='ocr_par' dir='ltr' id='par_1_7' title="bbox 0 0 1218 3790">
     <span class='ocr_line' id='line_1_34' title="bbox 0 0 1218 3790; baseline 0 1"><span class='ocrx_word' id='word_1_246' title='bbox 0 0 1218 3790; x_wconf 95' lang='lat' dir='ltr'> </span> 
     </span>
    </p>
   </div>
  </div>
 </body>
</html>
