2432 3788
154 905 158 909 Δ
263 855 304 933 Ο.
340 856 671 932 SALLUSTII
715 857 920 934 CRISPI

411 1049 766 1126 JUGURTHA.

207 1422 233 1484 Ι.
276 1422 374 1480 Fuso
388 1421 522 1498 queritur
534 1420 570 1478 de
579 1427 686 1478 natura
695 1439 748 1477 aua
755 1438 847 1495 genus
858 1418 1029 1492 humanum,

148 1520 234 1596 quod,
256 1518 402 1576 imbecilla
421 1524 509 1594 atque
527 1516 583 1574 aevi
600 1517 704 1586 brevis,
726 1517 802 1573 forte
815 1515 920 1592 potius,
943 1536 1031 1592 quam

147 1615 260 1672 virtute
272 1619 399 1690 regatur.
433 1612 512 1669 Nam
523 1617 632 1683 contra,
647 1610 819 1687 reputando,
829 1630 924 1687 neque
938 1612 1031 1687 majus

147 1709 236 1782 aliud,
257 1728 352 1785 neque
370 1708 564 1784 praestabilius
581 1708 713 1764 invenies
722 1727 731 1779 ;
750 1708 899 1783 magisque
918 1714 1030 1766 naturae

147 1804 322 1875 industriam
342 1802 504 1876 hominum,
525 1822 613 1878 quam
630 1802 693 1859 vim
710 1808 763 1859 aut
784 1796 901 1878 tempus
924 1804 1028 1862 deesse.

148 1898 206 1956 Sed
218 1899 281 1956 dux
296 1905 385 1975 atque
404 1898 563 1974 imperator
575 1899 643 1955 vitae
656 1898 825 1954 mortalium
838 1900 954 1958 animus
967 1907 1029 1960 est:

147 1996 207 2071 qui,
221 1996 274 2053 ubi
294 1995 332 2052 ad
344 1994 466 2072 gloriam
479 1993 599 2051 virtutis
609 1994 659 2050 via
677 2001 832 2075 grassatur,
847 1995 961 2052 abunde
971 1996 1031 2071 pol·

147 2091 210 2150 lens
217 2098 378 2168 potensque
386 2095 416 2147 et
425 2088 520 2146 clarus
528 2094 580 2160 est,
594 2106 689 2163 neque
697 2089 822 2146 fortunae
830 2095 896 2165 eget
900 2108 910 2161 ,·
924 2091 1031 2168 quippe

147 2207 212 2265 quae
225 2186 409 2264 probitatem,
431 2184 613 2256 industriam,
636 2184 708 2241 alias
726 2191 805 2241 artes
819 2185 917 2259 bonas,
936 2206 1031 2263 neque

147 2282 216 2341 dare
228 2301 323 2360 neque
332 2281 444 2356 eripere
453 2280 590 2355 cuiquam
599 2285 704 2354 potest.
747 2279 809 2351 Sin,
818 2287 920 2356 captus
934 2284 1031 2357 pravis

148 2379 340 2456 cupidinibus,
355 2376 392 2433 ad
404 2376 541 2434 inertiam
555 2382 584 2432 et
597 2375 763 2451 voluptates
776 2378 902 2453 corporis
915 2398 1029 2456 pessum

147 2475 233 2532 datus
246 2480 309 2547 est3
329 2473 490 2550 perniciosa
502 2471 634 2529 lubidine
647 2471 805 2547 paullisper
818 2492 895 2545 usus,
915 2476 966 2532 ubi
979 2496 1032 2552 per

147 2570 306 2628 socordiam
325 2569 410 2639 vires,
431 2572 555 2643 tempus,
577 2567 727 2642 ingenium
747 2567 901 2640 defluxere,
919 2575 1031 2628 naturae

147 2665 302 2722 infirmitas
320 2669 489 2723 accusatur:
519 2681 601 2720 suam
622 2663 744 2738 quisque
763 2663 880 2739 culpam
899 2672 1031 2724 auctores

147 2760 185 2818 ad
204 2760 321 2837 negotia
340 2759 529 2817 transferunt.
573 2758 658 2827 Quod
670 2759 696 2816 si
708 2758 876 2817 hominibus
889 2762 1030 2819 bonarum

147 2873 246 2913 rernm
261 2860 346 2910 tanta
363 2873 432 2911 cura
449 2860 532 2926 esset,
553 2860 664 2930 quanto
685 2854 783 2912 studio
800 2856 896 2913 aliena
908 2875 942 2913 ac
955 2856 1030 2915 nibil

146 2949 308 3029 profutura,
318 2948 503 3026 multumque
513 2949 602 3006 etiam
612 2948 779 3025 periculosa,
789 2956 914 3027 potunt,
935 2970 1030 3026 nequa

146 3052 317 3123 regerentur
329 3044 430 3121 magis,
453 3063 541 3120 quam
553 3050 689 3120 regerent
702 3063 793 3117 casus,
815 3052 846 3103 et
865 3063 899 3102 eo
917 3048 1029 3122 magni-

147 3143 259 3200 tudinis
271 3141 468 3219 procederent,
489 3140 544 3213 uti,
562 3158 615 3217 pro
629 3140 808 3213 mortalibus,
823 3141 915 3218 gloria
928 3143 1030 3202 oete‘mi

146 3239 257 3298 fierent.

205 3333 249 3392 ΙΙ.
291 3332 378 3406 Nam,
390 3331 436 3389 uti
444 3350 535 3409 genus
548 3332 699 3390 hominum
713 3332 905 3409 compositum
918 3350 956 3392 ex
969 3335 1030 3394 ani·

146 3438 195 3489 ma
207 3436 239 3488 et
252 3448 379 3507 corpore,
392 3429 436 3486 ita
448 3447 494 3488 roa
507 3435 626 3501 cunctae,
641 3428 796 3505 studiaque
809 3430 908 3488 omnia
920 3436 1027 3504 nostra,
1070 3496 1077 3508 ἱ

226 3552 290 3594 auo.
933 3536 948 3594 l
