2432 3788
342 230 567 291 slnsvsrll
590 230 616 289 J
620 229 826 292 usuam.
1013 233 1031 292 9

144 391 261 462 tempus
278 383 315 441 ad
328 389 483 460 utramque
501 402 564 440 rem
580 384 753 452 decernitur,
767 383 817 440 sed
835 383 978 442 maturius
994 385 1031 442 ad

144 479 299 555 pecuniam
311 478 549 537 distribuendam.
592 478 700 555 Reguli
717 481 829 536 interea
845 480 878 535 in
890 479 954 537 loca
966 498 1031 556 pro·

145 575 257 650 pinqna
270 573 422 645 thesauris,
434 574 509 632 alius
522 575 589 643 alio,
599 593 770 633 concessere.
799 575 857 632 Sed
866 574 1029 652 Hiempsal,

144 672 178 728 in
201 671 307 747 oppido
330 670 488 744 Thirmida,
514 672 590 730 forte
612 669 682 748 ejus'
692 674 777 731 domo
794 674 942 744 utebatur,
968 675 1028 750 qui,

144 769 296 844 proximus
315 767 402 825 lictor
417 767 439 825 J
441 769 581 844 ugurtha,
602 789 686 826 carus
705 778 897 846 acceptusque
917 788 1031 846 semper

144 868 257 937 fuerat3
276 884 363 942 quem
383 865 442 937 ille,
462 885 531 923 casu
543 866 709 922 ministrnm
724 866 862 937 oblatum,
883 867 1031 942 promissis

144 970 255 1032 onerat,
266 964 312 1021 uti
322 970 471 1038 tamquam
482 982 564 1020 suam
573 963 669 1020 visens
683 963 800 1019 domum
812 969 868 1032 eat,
880 967 1031 1037 portarum

145 1060 239 1117 claves
258 1060 437 1117 adulterinas
456 1065 556 1136 paret3
584 1079 654 1116 narn
675 1078 750 1116 verae
771 1060 809 1115 ad
830 1055 1043 1135 Hiempsalem

145 1156 360 1228 referebantur3
388 1163 524 1227 ceterum,
550 1155 603 1213 ubi
623 1174 669 1212 res
690 1154 860 1231 postularet,
882 1156 1027 1232 seipsum

146 1274 213 1311 cum
226 1273 331 1329 magna
344 1273 434 1310 manu
448 1259 612 1310 venturum.
655 1251 786 1309 Numida
798 1251 935 1307 mandata
948 1251 1029 1308 brevi

146 1349 268 1407 confecit
276 1369 284 1420 3
299 1354 395 1423 atque,
411 1354 445 1405 ut
459 1349 562 1406 doctus
575 1353 646 1418 erat,
658 1352 745 1403 noctu
754 1344 911 1421 Iugurthae
921 1345 1030 1402 milites

145 1444 313 1502 introducit
356 1443 416 1512 Qui
434 1449 587 1519 postquam
606 1443 637 1498 in
661 1442 735 1499 aedes
758 1442 896 1517 irrupere,
922 1440 1030 1497 diversi

72 1574 75 1584 ·
144 1557 243 1613 regem
255 1557 398 1614 quaerere,
417 1539 592 1596 dormientes
605 1539 685 1609 alios,
703 1538 773 1595 alios
793 1542 973 1595 occursantes
986 1537 1029 1593 in-

144 1635 290 1694 terficere:
312 1637 436 1692 scrutari
451 1635 513 1691 loca
525 1635 642 1693 abdita:
661 1635 758 1693 clausa
771 1635 938 1710 effringere:
959 1640 1029 1691 stre·

145 1731 211 1806 pitu
224 1737 254 1788 et
262 1730 505 1794 tumultuomnia
518 1730 652 1789 miscere:
667 1749 733 1787 cum
744 1730 896 1806 Hiempsal
909 1730 1029 1788 interim

145 1829 298 1903 reperitur,
307 1828 455 1885 occultans
468 1824 501 1884 se'
510 1826 543 1883 in
555 1827 673 1903 tugurio
686 1826 816 1884 mulieris
829 1827 949 1899 ancillae,
961 1847 1027 1904 quo,

145 1925 239 1999 initio,
253 1926 383 2003 ‘pavidus
403 1930 434 1983 et
452 1926 571 2002 ignarus
591 1925 655 1997 loci,
677 1926 849 2000 perfugerat.
881 1924 1029 1984 ⁴Numidae

145 2030 234 2099 caput
246 2024 271 2099 ej
276 2043 318 2095 ns,
334 2024 380 2081 uti
389 2023 464 2098 jussi
478 2031 569 2094 erant,
584 2024 622 2080 ad
634 2023 656 2081 J
658 2023 816 2099 ugurtham
828 2023 968 2082 referunt.

205 2119 300 2180 XIII.
343 2119 481 2178 Ceterum
499 2121 578 2178 ferna
597 2122 676 2179 tenti
691 2122 827 2178 facinoris
845 2139 1030 2196 peromnem

145 2214 279 2272 Africam
293 2215 375 2273 brevi
388 2217 571 2292 divulgatur:
592 2218 791 2275 Adherbalem
803 2236 966 2292 omnesque,
977 2217 1030 2293 qui

146 2310 201 2368 sub
213 2311 335 2386 imperio
350 2311 481 2388 Micipsa
497 2314 622 2386 fuerant,
645 2321 741 2372 metus
758 2313 888 2369 invadit:
909 2313 942 2370 in
957 2314 1030 2371 duas

145 2415 243 2484 partes
262 2408 431 2468 discedunt:
451 2410 550 2487 plnres
569 2412 769 2469 Adherbalem
789 2418 960 2487 sequuntur,
979 2414 1030 2470 sed

145 2505 230 2563 illurn
249 2505 375 2562 alterum
395 2505 471 2564 bello
486 2508 626 2568 meliores.
669 2507 766 2584 Igitur
779 2507 801 2564 J
802 2507 929 2583 ugurtha
941 2528 1030 2584 quarn

145 2602 287 2661 maximas
306 2606 403 2677 potest
423 2604 518 2679 copias
531 2610 641 2677 1111111,
662 2605 755 2676 urbes,
777 2605 885 2679 partim
898 2604 937 2675 vi,
958 2605 1030 2663 alias

146 2694 304 2768 voluntate,
325 2699 448 2774 imperio
468 2719 520 2757 suo
540 2700 690 2776 adjungit,
711 2701 791 2756 omni
810 2699 958 2758 Numidiae
977 2702 1030 2758 im-

145 2809 246 2866 perare
279 2801 370 2869 parat
420 2796 579 2868 Adherbal,
608 2797 727 2855 tametsi
760 2797 886 2854 Romam
920 2797 1029 2873 legatos

145 2889 271 2960 miseret,
295 2890 348 2966 qui
367 2898 499 2949 senatum
519 2894 656 2951 docerent
669 2892 705 2949 de
720 2893 796 2950 caede
814 2893 913 2950 fratris
931 2900 961 2951 et
973 2894 1029 2950 for-

145 2987 227 3043 tunis
239 2987 315 3060 suis3
327 2992 435 3060 tamen,
448 2989 540 3046 fretus
553 2990 744 3047 multitudine
756 2989 894 3059 militum,
908 2990 1029 3064 parabat

146 3081 234 3138 armis
254 3083 434 3142 contendere
476 3082 541 3154 Sed,
566 3085 619 3141 ubi
641 3085 745 3142 11111
765 3090 913 3142 certamen
936 3086 1027 3156 venit,

146 3176 241 3234 victus
265 3196 303 3234 ex
324 3178 424 3254 proelio
446 3180 575 3255 profugit
596 3181 629 3236 in
651 3182 840 3256 provinciam,
868 3199 902 3237 ac
924 3181 1028 3241 deinde
1074 3236 1076 3241 .

146 3271 273 3330 Romam
289 3274 447 3333 contendit
489 3275 565 3333 Tum
582 3276 605 3333 J
605 3277 738 3352 ugurtha,
752 3277 875 3353 patratis
892 3277 1026 3350 consiliis,

130 3375 301 3446 ,postquam
320 3371 414 3433 omnis
435 3373 584 3430 Numidia
602 3374 774 3449 potiebatur,
795 3374 828 3429 in
841 3373 901 3430 otio
917 3372 1029 3430 facinus
