2426 3790
338 228 558 289 SALLUSTII
583 230 610 288 J
612 230 819 291 UGUBZ'HA.
985 235 1022 291 te

139 383 261 456 Marius,
282 383 334 441 ubi
353 402 391 442 ex
410 384 533 454 nunciis,
552 403 617 460 quae
637 385 728 462 Ligus
751 391 856 461 egerat,
878 388 1021 462 cognovit,

138 503 316 563 quamquam
337 490 400 541 toto
420 485 468 542 die
489 485 618 543 intentos
641 485 741 561 proelio
766 484 911 541 Numidas
932 482 1023 541 habu-

138 587 209 651 erat,
236 587 302 639 tum
327 599 405 652 vero,
438 580 605 637 cohortatus
638 581 754 650 milites,
783 586 814 637 et
845 580 907 656 ipse
940 587 1025 638 extre

138 677 239 734 vineas
265 696 402 752 egressus,
431 677 578 734 testudine
604 683 670 734 acta
695 677 854 747 succedere,
879 681 910 733 et
935 675 1022 732 simul

139 773 251 832 hostem
275 773 428 831 tormentis
450 775 664 850 sagittariisque
686 779 716 830 et
738 772 934 830 funditoribus
954 772 1023 828 emi·

138 890 195 927 nus
214 877 329 929 terrere.
372 871 418 926 At
440 870 586 942 Numidas,
605 890 680 946 saepe
699 876 787 927 antea
802 870 897 926 vineis
917 868 1023 925 Roma-

139 984 243 1022 norum
263 965 416 1036 subversis,
430 966 503 1021 item
520 967 653 1036 incensis,
672 984 733 1022 non
750 965 862 1023 castelli
880 964 1024 1021 moenibus

139 1082 199 1120 sese
211 1063 393 1130 tutabantur,
408 1061 459 1118 sed
479 1081 532 1137 pro
552 1081 637 1118 muro
652 1061 714 1119 dies
729 1068 884 1137 noctesque
896 1061 1023 1137 agiter03

138 1158 309 1216 maledicere
330 1157 480 1225 Romanis,
503 1177 536 1214 ec
558 1157 656 1215 Mario
675 1157 840 1215 vecordiam
859 1158 1003 1232 objectare
1012 1175 1022 1228 ;

138 1255 282 1313 militibus
295 1256 401 1312 nostris
415 1254 436 1311 J
438 1255 571 1330 ugurthoe
584 1255 737 1312 servitium
750 1253 872 1326 minari,
889 1252 1023 1309 secundis

138 1354 223 1410 rebus
243 1354 350 1409 feroces
371 1370 438 1410 esse.
481 1351 614 1423 Interim,
636 1352 777 1422 omnibus,
799 1350 940 1406 Romanis
958 1349 1022 1406 hos

137 1448 281 1524 tibusque,
309 1448 409 1522 praelio
435 1447 566 1519 intentis,
594 1467 699 1524 magna
728 1447 876 1523 utrimque
901 1444 940 1515 vi,
969 1464 1021 1521 pro

137 1544 229 1620 glorie
248 1549 336 1619 etque
356 1543 477 1618 imperio
496 1544 549 1616 his,
569 1544 629 1600 illis
647 1563 700 1620 pro
717 1544 819 1614 salute,
834 1541 1020 1613 certantibus,

138 1646 257 1716 repente
278 1658 296 1696 e
317 1645 398 1715 tergo
419 1640 503 1715 signe
523 1659 640 1697 canere:
665 1659 698 1697 ac
719 1641 812 1715 primo
835 1638 970 1696 mulieres
991 1644 1021 1694 et

138 1736 230 1812 pueri,
257 1735 309 1814 qui
334 1736 430 1792 visum
457 1741 659 1811 processerant,
672 1733 805 1811 lugere,
836 1734 947 1806 deinde,
975 1736 1021 1790 uti

137 1830 259 1908 quisque
273 1849 356 1888 muro
369 1831 519 1906 proximus
532 1837 615 1901 erat3
634 1837 778 1906 postremo
794 1829 900 1900 cuncti,
914 1831 1021 1886 armati

137 1930 325 2004 inermesque.
368 1927 453 1996 Quod
470 1928 523 1984 ubi
539 1927 652 1998 accidit,
668 1945 702 1983 eo
723 1926 817 1983 acrius
834 1924 959 1982 Romani
977 1926 1020 1982 in-

138 2033 223 2096 stare,
237 2025 368 2095 fundere,
378 2042 412 2080 ac
425 2023 577 2099 plerosque
591 2023 793 2079 tantummodo
806 2020 940 2092 sauciare,
952 2022 1021 2079 dein

137 2141 224 2198 super
237 2123 395 2178 occisorum
408 2138 527 2194 corpora
540 2119 653 2190 vadere,
668 2111 747 2174 edidi
759 2117 865 2193 gloria,
877 2122 1021 2174 certantes

137 2236 254 2275 murum
270 2222 384 2292 petere,
405 2235 500 2292 neque
518 2235 691 2292 quemquam
710 2216 839 2271 omnium
854 2214 950 2290 praeda
963 2234 1021 2272 mo-

137 2315 204 2374 rari.
247 2312 302 2385 Sic,
318 2314 393 2370 forte
413 2320 549 2384 correcta,
565 2311 655 2368 Marii
675 2313 822 2370 temeritas
841 2312 963 2388 gloriam
983 2331 1020 2368 ex

137 2410 222 2487 culpa
234 2409 356 2468 invenit

197 2504 293 2562 XOV.
337 2503 480 2574 Ceterum,
505 2504 576 2560 dum
602 2522 636 2560 ca
662 2522 708 2560 res
732 2502 852 2578 geritur,
874 2502 907 2563 Ii
930 2503 1018 2579 Sylla,

137 2607 270 2678 quoestor,
289 2618 356 2657 cnm
376 2618 481 2674 magno
500 2602 634 2675 equitatu
656 2600 688 2656 in
711 2607 804 2657 castra
822 2601 923 2676 venit;
949 2620 1020 2677 quos

136 2701 183 2757 uti
201 2716 239 2755 ex
256 2696 343 2753 Latio
360 2700 391 2753 et
408 2713 427 2751 a
446 2695 530 2752 sociis
547 2701 669 2771 cogeret,
691 2695 792 2753 Romae
812 2696 929 2754 relictus
949 2704 1018 2755 eret

138 2795 202 2864 Sed,
217 2793 355 2871 quoniam
371 2791 449 2849 tanti
461 2792 519 2848 viri
536 2811 582 2849 res
601 2793 761 2864 admonuit,
775 2794 913 2850 idoneum
926 2793 1020 2850 visum

137 2895 189 2962 est,
204 2890 240 2946 de
253 2893 359 2945 natura
372 2887 511 2962 cultuque
524 2889 587 2963 ejus
599 2888 698 2962 paucis
711 2889 819 2946 dicere:
837 2889 1020 2963 nequeenim

137 2986 195 3044 elio
207 2986 271 3042 loco
284 2985 320 3041 de
334 2984 421 3059 Syllae
435 2985 520 3041 rebus
534 2983 641 3041 dicturi
654 3003 773 3056 sumus3
793 2990 824 3041 et
840 2984 873 3041 L.
889 2982 1017 3054 Sisenna,

137 3082 247 3158 optime
270 3086 300 3136 et
321 3080 540 3155 diligentissime
563 3081 693 3136 omnium
713 3080 765 3156 qui
788 3099 836 3137 ees
855 3097 901 3136 res
920 3078 1021 3137 dixere

138 3180 311 3252 persecutns,
340 3193 443 3250 parum
466 3175 540 3231 mihi
566 3175 657 3232 libero
683 3194 732 3231 ore
758 3175 871 3232 locutus
893 3174 1018 3232 videtur.

40 3260 44 3275 ⁸
139 3272 236 3348 Igitur
249 3269 333 3327 Sulla
346 3271 442 3346 gentis
455 3271 592 3346 patricie¹
602 3270 710 3328 nobilis
725 3270 790 3340 fuit,
805 3268 916 3325 smilis
931 3286 1021 3345 prope

137 3368 197 3444 jam
217 3367 362 3424 exstincte
380 3366 525 3442 majorum
543 3366 667 3442 ignavia,
684 3365 791 3423 litteris
808 3363 916 3424 Graecis
933 3370 1021 3441 etque
