2426 3790
338 264 564 323 SALLUSTII
587 264 614 321 J
616 262 824 324 UGURTHA.
990 264 1028 322 ³3

139 417 229 476 citare
239 415 435 492 supplicantes
447 416 577 492 legatos:
595 417 664 493 ipse,
679 417 763 493 quasi
775 417 962 488 vitabundus,
977 434 1029 492 per

139 514 268 573 saltuosa
280 513 386 570 locaet
400 515 532 570 tramites
548 514 709 571 exercitum
722 515 849 573 ductare.
892 513 1029 589 Denique
1086 546 1088 551 ·

140 609 256 666 Aulum
274 627 324 683 spa
340 609 482 683 pactionis
498 609 634 684 perpulit,
652 609 705 679 uti,
724 610 826 666 relicto
847 607 981 681 Suthule,
995 609 1028 665 in

140 705 254 762 abditas
274 705 404 779 regiones
425 722 494 775 sese,
516 704 610 761 veluti
631 703 789 775 cedentem,
810 704 1028 780 insequeretur3

141 801 184 857 ita
196 801 302 858 delicta
315 799 473 858 occultiore
486 801 554 860 fore.
595 800 715 859 Interea
729 819 782 875 per
799 800 930 858 homines
949 800 1029 857 calli-

140 896 192 952 dos
218 896 266 953 die
295 900 444 970 noctuque
472 896 633 953 exercitum
662 895 814 953 tentabat:
844 896 1027 954 centuriones

140 992 284 1067 ducesque
299 999 468 1064 turmarum,
484 995 592 1069 partim
608 995 651 1051 uti
671 995 887 1070 transfugerent
901 1012 1026 1052 corrum-

140 1108 209 1163 pere
214 1108 224 1162 3
245 1089 303 1160 alii,
313 1089 396 1163 signo
406 1089 483 1162 dato,
494 1090 590 1147 locum
597 1091 643 1147 uti
654 1090 825 1149 desererent
865 1087 937 1159 Quae
950 1096 1027 1165 post

140 1203 229 1260 quem
249 1204 287 1242 ex
306 1185 451 1242 sententia
469 1186 599 1257 instruit,
614 1187 790 1262 intempesta
804 1190 897 1255 nocte,
919 1186 956 1242 de
973 1184 1027 1240 im·

141 1281 257 1355 proviso
276 1281 467 1338 multitudine
487 1281 683 1338 Numidarum
701 1282 777 1338 Auli
794 1286 888 1338 castra
906 1280 1026 1337 circum-

141 1377 230 1433 venit.
273 1376 387 1433 Milites
416 1376 551 1447 Romani,
582 1376 714 1435 tumultu
742 1375 867 1452 perculsi
898 1374 1024 1445 insolito,

141 1488 222 1525 arma
242 1487 341 1545 capere
361 1470 420 1540 elii,
442 1470 493 1526 alii
514 1489 545 1528 se
565 1471 677 1543 abdere,
701 1490 767 1547 pars
787 1470 905 1527 territos
924 1469 1025 1526 confir-

141 1586 236 1638 mare,
257 1567 402 1643 trepidare
425 1569 560 1625 omnibus
582 1569 672 1628 locist
692 1569 737 1626 vis
756 1587 862 1644 magna
882 1568 1024 1637 hostium3

142 1664 246 1719 coelum
268 1671 354 1721 nocte
376 1669 466 1739 atque
491 1664 618 1722 nubibus
641 1666 827 1723 obscuratum
833 1685 842 1736 ;
866 1663 1026 1740 periculum

142 1778 247 1834 anceps
256 1780 265 1832 3
284 1764 429 1835 postremo
448 1761 555 1837 fugere,
575 1780 614 1817 an
634 1780 757 1831 manere,
778 1762 873 1817 tutius
892 1761 975 1831 foret,
995 1759 1026 1816 in

143 1858 252 1913 incerto
278 1863 348 1914 erat.
390 1857 448 1915 Sed
472 1878 510 1915 ex
531 1877 566 1914 eo
588 1876 718 1928 numero,
743 1876 816 1933 quos
837 1856 934 1934 paullo
958 1863 1027 1914 ante

142 1960 292 2029 corruptos
312 1955 448 2026 diximus,
467 1955 569 2013 cohors
586 1974 647 2011 una
662 1955 813 2029 Ligurum,
831 1974 898 2011 cum
915 1954 1026 2012 duabus

142 2052 247 2106 tunnis
266 2050 418 2121 Thracum,
439 2057 470 2108 et
488 2052 589 2126 paucis
605 2051 743 2127 gregariis
762 2051 913 2122 militibus,
935 2055 1026 2105 trans

137 2146 203 2204 iere
220 2147 257 2203 ad
276 2166 392 2222 regem:
413 2153 443 2204 et
460 2148 591 2204 centurio
607 2148 695 2223 primi
713 2148 766 2223 pili
782 2148 876 2205 tertiae
896 2146 1024 2221 legionis,

142 2262 194 2319 per
224 2244 426 2316 munitionem,
458 2263 553 2319 quam,
589 2245 634 2300 uti
667 2244 841 2318 defenderet,
864 2249 1025 2320 acceperat,

143 2342 238 2398 locum
275 2341 406 2399 hostibus
438 2342 606 2400 intro'e‘undi
634 2343 734 2404 dedit:
769 2364 860 2421 eaque
889 2343 1026 2403 Numidoe

143 2438 242 2495 cuncti
261 2439 399 2514 irrupere.
441 2439 545 2497 Nostri
564 2441 640 2498 foeda
659 2442 735 2517 fuga,
756 2442 886 2517 plerique
907 2441 1027 2518 abjectis

142 2534 239 2605 armis,
253 2535 420 2609 proximum
434 2534 535 2592 collem
549 2554 731 2611 occupavere.
774 2535 845 2593 Nox
857 2542 945 2612 atque
958 2556 1028 2613 prse-

142 2629 181 2686 da
203 2637 364 2688 castrorum
387 2630 491 2700 hostes,
516 2650 574 2706 quo
597 2632 695 2688 minus
717 2631 840 2689 victoria
866 2637 1025 2701 uterentur,

143 2731 287 2784 remorata
304 2732 382 2784 sunt
423 2726 502 2784 Dein
516 2726 538 2783 J
539 2727 667 2801 ugurtha
679 2733 794 2803 postero
807 2727 855 2785 die
868 2746 934 2784 cum
947 2726 1027 2783 Aulo

144 2823 175 2879 in
189 2823 332 2899 colloquio
342 2823 431 2880 verba
443 2824 532 2882 facit:
553 2829 571 2856 “
579 2824 696 2881 tametsi
709 2824 804 2899 ipsum
817 2843 884 2880 cerm
898 2822 1027 2881 exercitu

143 2919 227 2990 fumc,
248 2920 325 2976 ferro
345 2920 474 2976 clausum
490 2924 579 2990 tenet,
601 2925 699 2976 tamen
720 2937 758 2989 se,
775 2919 970 2975 humanarum
987 2935 1029 2973 re

143 3032 210 3070 rum
236 3033 401 3086 memorem,
429 3014 455 3071 si
484 3033 580 3072 secum
608 3015 699 3072 foedus
729 3015 842 3085 iaceret,
870 3013 1029 3069 incolumes

144 3128 242 3167 omnes
268 3111 452 3186 subjugum
478 3112 652 3167 missurum:
680 3116 826 3185 praeterea,
854 3108 901 3165 uti
927 3107 1029 3164 diebus

143 3204 405 3288 decemNumidia
424 3205 599 3264 decederet?
640 3205 712 3273 Qum
732 3221 908 3280 quamquam
930 3202 1029 3278 gravia

144 3308 174 3360 et
186 3302 293 3376 flagitii
307 3302 394 3377 plena
407 3306 497 3373 erant,
514 3308 620 3373 tamen,
636 3301 706 3376 quia
722 3301 823 3358 mortis
840 3304 922 3358 metu
937 3304 1029 3357 muta»
1136 3362 1138 3365 ,

144 3402 225 3471 bant,
239 3401 326 3458 sicuti
339 3401 402 3476 regi
414 3401 548 3472 libuerat,
563 3418 621 3476 pax
635 3399 780 3458 convenit.

224 3529 288 3571 run.
932 3506 950 3566 3
