2426 3790
253 207 257 216 ’
340 247 562 309 suatum
584 246 819 338 ausuum.
985 250 1021 309 st

135 411 225 483 atque
237 405 390 464 inhonesta
408 405 534 464 vendere
553 422 616 462 mos
632 409 704 462 erat.
744 403 843 461 Etiam
862 409 949 462 antea
967 404 990 463 J
992 426 1022 462 u·

135 502 250 586 gurtha
270 502 331 560 filia
350 501 458 559 Bouchi
476 506 623 577 nupserat
665 499 780 557 Verum
794 520 828 558 ea
840 501 1021 559 neasssitudo

136 599 215 676 apud
227 599 373 657 Numidas
386 600 563 674 Maurosque
575 598 649 654 levis
661 597 792 658 ducitur:
812 598 888 674 quod
903 599 1019 675 singuli,

14 700 20 711 ’
136 715 191 773 pro
208 698 311 773 opibus
324 697 460 774 quisqua'
469 715 557 772 quam
570 695 712 772 plurimas
723 714 838 768 uxores,
854 695 942 752 denas
960 696 1020 767 alii,

136 793 188 850 alii
200 793 306 869 plures,
320 792 429 850 habent
436 813 445 865 3
469 792 519 849 ssd
532 810 661 867 regesso
674 791 807 867 amplius.
843 790 894 847 Ita
906 791 1021 848 animus
1054 852 1056 858 ,

135 890 326 947 multitudiue
339 889 512 946 distmhitur
516 908 526 962 3
545 887 629 946 nulla
641 907 694 963 pro
706 887 785 944 socia
800 886 927 945 obtinet:
948 889 1023 964 pari·

136 990 182 1041 ter
195 1003 295 1043 omnes
308 986 381 1043 viles
394 990 470 1042 sunt

196 1079 345 1138 LXXXL
382 1080 479 1156 Igitur
487 1080 519 1137 in
533 1079 629 1136 locum
636 1078 777 1136 ambobus
788 1079 930 1155 placitum
942 1097 1022 1135 exer-

136 1179 213 1234 eitus
226 1179 417 1237 conveniunt:
437 1177 487 1249 ibi,
509 1177 566 1235 fide
585 1178 655 1234 data
675 1182 706 1234 at
724 1182 849 1251 accepta,
871 1176 1022 1252 iugurtha

137 1274 245 1332 Boaohi
257 1275 388 1332 animum
402 1273 532 1331 oratione
544 1272 691 1330 ascendit:
708 1271 882 1329 “Romanos
889 1273 1020 1348 injustos,

135 1369 280 1446 profunda
289 1371 420 1443 mutia,
430 1389 597 1428 communes
606 1368 738 1426 omnium
750 1367 848 1426 hostes
858 1387 934 1427 esse:
955 1388 1022 1429 ean·

136 1468 202 1525 dem
228 1468 294 1525 illos
320 1487 449 1525 caussam
475 1467 547 1525 belli
569 1486 635 1523 cum
659 1465 773 1522 Boccho
796 1464 910 1536 habere,
932 1483 1020 1540 quam

14 1628 15 1649 ἶ
136 1581 233 1620 secum
253 1569 283 1621 et
303 1582 370 1621 aum
389 1563 454 1620 aliis
472 1563 617 1639 gentibus,
639 1560 800 1618 lubidinem
819 1559 1021 1636 imperitandi:

135 1660 218 1735 queis
230 1659 328 1717 omnia
340 1679 430 1737 regna
440 1660 561 1719 adversa
574 1661 653 1718 sint:
680 1666 745 1717 tum
758 1677 826 1730 sese,
841 1658 940 1734 paullo
953 1667 1021 1716 ante

137 1756 397 1832 Carthaginienses,
411 1758 484 1815 item
496 1776 594 1833 regem
612 1756 729 1827 Persen,
744 1762 818 1832 post,
834 1757 880 1813 uti
900 1755 1021 1832 quisque

136 1852 372 1927 opulentissimus
397 1852 540 1923 videatur,
562 1853 605 1909 ita
625 1851 766 1909 Romanis
791 1851 905 1909 hostem
934 1851 1020 1909 fore.''

136 1948 196 2005 His
208 1955 297 2025 atque
310 1948 375 2005 aliis
388 1948 497 2005 talibus
510 1948 604 2018 dictis,
620 1950 658 2005 ad
672 1949 786 2006 Cirtam
806 1948 945 2026 oppidum
965 1950 1023 2007 iter

136 2047 320 2104 constituunt
325 2066 335 2118 3
356 2045 489 2122 quodibi
503 2045 642 2104 Metellus
651 2048 779 2122 praedam
792 2047 978 2123 captivosque
991 2055 1021 2105 et

135 2142 343 2218 impedimenta
353 2142 504 2200 locaverat
540 2142 598 2213 Ita,
607 2142 758 2218 Juguitha
769 2149 859 2209 natus,
868 2148 928 2213 aut,
938 2149 1022 2217 capta

136 2239 216 2310 urbe,
233 2257 325 2315 operas
338 2239 467 2315 pretium
478 2239 549 2311 fore,
563 2245 623 2310 aut,
638 2239 664 2295 si
677 2238 828 2296 Romanus
839 2238 950 2295 auxilio
962 2239 1022 2296 suis

135 2335 271 2407 venisset,
285 2335 384 2412 praelio
397 2354 458 2393 sese
466 2341 635 2393 certaturos,
670 2334 751 2391 Nam
763 2333 884 2390 callidus
896 2333 926 2390 id
937 2334 1022 2391 modo

135 2431 300 2502 festinabat,
323 2430 432 2489 Bocchi
450 2449 549 2506 pacem
570 2429 741 2487 imminuere
747 2449 756 2502 3
781 2449 820 2487 ne
842 2447 938 2487 moras
963 2430 1023 2507 agi·

136 2526 227 2584 tando
240 2526 321 2583 aliud
334 2545 423 2602 quam
436 2525 546 2583 bellum
559 2526 665 2582 mallet

196 2622 366 2681 LXXXII.
408 2621 571 2697 Impeiator
586 2626 740 2696 postquam
759 2619 796 2676 de
815 2638 917 2696 sagum
937 2619 1022 2676 socie-

12 2750 13 2755 *
135 2723 199 2776 tate
221 2719 364 2794 oognovit
380 2737 439 2775 uon
456 2722 572 2789 temere,
587 2736 689 2793 neque,
710 2716 757 2774 uti
772 2737 847 2795 soepa
862 2718 925 2794 jam
943 2717 1022 2774 victo

105 2870 116 2885 x
136 2812 158 2870 J
159 2812 287 2890 ugurtha
299 2819 495 2882 oonsueverat,
510 2814 644 2870 omnibus
657 2812 888 2890 loeispugnandi
908 2814 1019 2888 sopiam

136 2911 222 2968 facit:
250 2916 379 2967 ceterum
399 2908 477 2967 haud
497 2909 598 2985 procui
618 2911 655 2967 ab
668 2909 760 2981 Cirta·
775 2912 877 2967 eastris
890 2908 1020 2980 munitis,

136 3024 217 3082 reges
230 3008 380 3083 opperitur
385 3026 395 3078 ;
409 3005 513 3064 melius
520 3012 609 3077 ratus,
619 3006 741 3082 cognitis
752 3005 873 3077 Mauris,
884 3006 1021 3081 quoniam

136 3099 162 3156 is
175 3118 269 3159 novus
281 3101 374 3160 hostis
386 3106 551 3173 secesserat,
565 3120 604 3158 ex
617 3101 766 3158 commodo
779 3120 905 3178 pugnam
919 3099 1019 3159 faeere.

136 3196 263 3255 Inte1im
284 3198 379 3256 Roma
396 3218 449 3275 per
459 3199 573 3256 litteras
585 3198 692 3255 mitior
704 3199 747 3269 fit,
761 3197 941 3274 provinciam
959 3195 991 3252 N
991 3215 1022 3253 u·

136 3294 258 3352 midiam
270 3293 367 3353 Mario
380 3295 495 3352 datam:
515 3313 584 3350 nam
597 3293 744 3351 oonsulam
761 3294 870 3350 factum
890 3299 959 3352 ants
978 3313 1022 3352 ac·

12 3414 13 3421 ¹
135 3398 260 3470 ceperat.
303 3392 392 3461 Queis
411 3391 498 3449 rebus
520 3409 609 3467 supra
630 3389 739 3447 bonum
760 3393 848 3463 atque
867 3387 1020 3446 honestum

215 3521 279 3565 suu.
923 3497 941 3553 t
