2426 3790
183 260 219 319 72
383 254 602 317 SALLUSTII
626 254 653 312 J
656 250 862 313 UGURI'HA.

182 431 301 483 mecum,
323 416 354 468 et
373 409 518 485 capessite
531 406 758 482 rempublicam:
777 422 877 482 neque
891 418 1070 482 quemquam

182 528 220 566 ex
248 507 413 565 calamitate
440 504 571 574 aliorum,
611 509 663 560 aut
689 502 897 578 imperatorum
923 503 1070 577 superbia,

183 609 279 660 metus
306 599 423 677 ceperit.
465 599 590 675 Egomet
614 599 646 655 in
666 598 790 674 agmine,
811 598 844 654 in
871 598 980 674 praelio,
1001 617 1072 656 con-

182 699 275 756 sultor
292 698 378 766 idem,
397 703 428 753 et
444 696 540 757 socius
556 694 687 770 periculi,
709 695 858 751 vobiscum
876 694 983 766 ader-03
1010 714 1072 752 me·

182 815 240 871 que
256 812 365 868 vosque
384 792 417 849 in
435 793 571 850 omnibus
593 792 681 849 rebus
690 791 782 867 ,juxte
796 810 903 866 geram.
945 791 985 848 Et
1005 810 1073 867 pro-

182 895 266 964 fecto,
289 893 334 950 dis
353 891 537 966 juventibus,
559 889 656 946 omnia
685 895 801 946 matura
829 894 907 960 sunt,
936 889 1070 958 victoria,

182 990 289 1065 praede,
308 989 390 1045 leus:
410 1006 476 1064 quae
495 987 522 1044 si
541 986 631 1044 dubia
650 992 702 1043 aut
722 986 822 1062 procul
844 992 950 1060 essent,
968 994 1073 1044 tamen

183 1103 282 1142 onmes
306 1084 395 1141 bonos
419 1082 585 1158 reipublicse
604 1082 760 1140 subvenire
779 1082 907 1140 decebat.
949 1082 1072 1139 Etenim

182 1179 300 1255 ignavia
329 1198 416 1238 nemo
442 1178 616 1236 immortalis
645 1179 759 1236 factus:
794 1196 889 1253 neque
913 1179 1073 1255 quisquam

103 1340 105 1343 ¹
183 1293 286 1350 parens
304 1274 412 1346 liberis,
434 1274 481 1331 uti
500 1273 605 1332 aterni
623 1273 728 1346 forent,
749 1275 882 1350 optavit3
902 1276 1001 1351 magis,
1023 1276 1073 1332 uti

182 1371 253 1428 boui
265 1371 437 1447 honestique
449 1370 542 1426 vitem
555 1370 711 1445 exigerent.
746 1370 839 1428 Plura
852 1371 984 1442 dicerem,
1001 1370 1074 1439 Qui⁴

183 1471 262 1540 rites,
275 1469 300 1524 si
308 1467 419 1524 timidis
432 1467 574 1524 virtutem
587 1466 676 1524 verbe
688 1466 829 1525 adderent
835 1485 844 1540 3
863 1485 934 1525 nam
943 1468 1072 1525 strenuis

183 1565 298 1623 abunde
312 1563 424 1619 dictum
437 1560 536 1637 puto.'’

243 1657 426 1716 LXXXVI.
468 1658 681 1735 Hujuscemodi
691 1659 940 1730 orationehabite,
956 1658 1073 1716 Marius

183 1762 337 1832 postquam
354 1753 447 1829 plebis
467 1754 580 1810 animos
595 1760 721 1812 arrectos
741 1755 832 1826 videt,
855 1774 976 1831 propere
996 1773 1073 1812 com·

185 1861 292 1924 meatu,
303 1851 456 1927 stipendio,
465 1851 561 1922 ermis,
570 1851 635 1907 eliis
643 1850 774 1922 utilibus,
779 1869 869 1908 naves
877 1857 980 1908 oneret
988 1871 995 1908 ε
1004 1868 1073 1906 cum

183 1950 229 2006 his
239 1948 278 2005 A.
294 1947 442 2004 Manlium
455 1946 584 2021 legatum
597 1945 738 2020 proficisci
746 1945 841 2021 jubet.
879 1944 947 2021 Ipse
959 1945 1074 2002 interea

183 2045 292 2101 milites
305 2042 436 2113 scribere,
450 2060 511 2098 non
521 2060 601 2099 more
610 2041 761 2117 majorum,
773 2059 868 2116 neque
877 2058 915 2098 ex
923 2040 1070 2111 classibus,

183 2142 234 2198 sed
253 2140 300 2197 uti
318 2138 458 2214 cujusque
475 2137 575 2194 lubido
591 2145 662 2208 erat,
682 2138 777 2214 eapite
791 2157 891 2197 censos
909 2138 1069 2214 plerosque.

114 2291 116 2295 ,
184 2236 221 2292 Id
242 2236 352 2293 fectum
372 2234 424 2289 alii
444 2233 543 2309 inopia
563 2234 713 2304 bonorum,
738 2234 789 2291 elii
809 2251 863 2310 per
882 2234 1072 2291 ambitionem

184 2330 319 2398 consulis,
332 2329 532 2386 memorabant
542 2348 551 2400 3
573 2329 651 2404 quod
667 2329 704 2386 ab
727 2347 761 2385 eo
783 2347 889 2405 genere
910 2329 1071 2387 celebratus

183 2432 343 2502 eretusque
356 2432 419 2482 erat
433 2443 440 2483 ε
460 2431 492 2482 et
505 2425 616 2482 homini
626 2425 788 2500 potentiam
795 2425 940 2502 quaerenti
949 2425 1072 2501 egentis-

184 2522 274 2578 simus
294 2521 416 2596 quisque
435 2520 707 2597 opportunissimus,
732 2521 780 2579 cui
798 2539 893 2597 neque
913 2538 967 2579 sua
985 2541 1070 2593 curse,

185 2618 293 2693 quippe
313 2636 378 2692 quse
394 2617 480 2673 nullo
500 2623 580 2689 sunt,
600 2623 631 2673 et
648 2618 746 2675 omnio
762 2637 830 2675 cum
842 2618 937 2694 pretio
950 2618 1073 2677 honesta

185 2714 330 2771 videntur.
374 2712 473 2788 Igitur
491 2713 606 2770 Marius
626 2731 694 2769 cum
716 2714 825 2788 majore
848 2714 998 2790 aliquanto
1016 2733 1072 2773 nu-

184 2828 273 2879 mero,
302 2828 389 2884 quam
417 2809 567 2867 decretum
595 2816 666 2881 erat,
698 2809 731 2867 in
757 2810 891 2867 Africam
915 2809 1070 2886 profectus,

184 2902 286 2960 diebus
309 2903 409 2978 paucis
433 2903 554 2962 Uticam
578 2903 740 2965 advehitur.
783 2904 938 2962 Exercitus
958 2905 988 2962 ei
1013 2910 1072 2962 tra-

184 3000 265 3056 ditur
280 3019 299 3057 a
316 2999 350 3058 P.
372 3000 487 3058 Rutilio
504 3001 602 3076 legato·
611 3023 620 3075 3
641 3020 710 3059 nam
730 3001 870 3060 Metellus
885 3008 1071 3079 conspectum

186 3094 276 3152 Marii
303 3095 427 3171 fugerat,
457 3115 494 3153 ue
522 3096 636 3155 videret
662 3116 704 3165 ea,
733 3115 800 3172 qua
826 3097 927 3155 audito
955 3096 1072 3154 animus

184 3190 308 3247 tolerare
320 3191 500 3266 nequiverat
749 3210 758 3235 ¹

245 3284 446 3345 LXXXVII.
488 3286 546 3344 see
570 3288 678 3357 consul,
700 3287 824 3363 expletis
845 3287 1007 3363 legionibus
1026 3305 1071 3344 eo-

185 3381 376 3458 hortibusque
401 3384 574 3455 auxiliariis,
601 3383 635 3443 in
653 3402 758 3460 ugrum
776 3384 903 3445 fertilem
922 3390 954 3442 et
972 3383 1071 3461 praeda
