2426 3790
198 210 236 268 12
393 207 616 268 SALLUSPII
638 209 665 267 J
668 208 871 268 UGUBPHA.

196 361 324 433 audacia,
349 361 453 419 scelere
479 368 568 438 atque
594 363 730 439 superbia
752 381 813 421 sese
834 363 968 438 ecferens,
993 365 1085 425 fratoe
1131 371 1141 395 '

195 478 268 529 meo,
283 465 372 534 atque
390 460 489 516 eodem
511 460 674 536 propinquo
696 479 756 531 suo,
774 461 934 533 interfecto,
954 464 1083 538 primum

195 572 318 628 regnum
336 555 399 629 ejus
415 553 529 611 sceleris
547 556 594 611 sui
613 555 741 631 praedam
759 557 848 613 fecit:
871 563 943 632 post,
965 558 1017 615 ubi
1035 577 1083 617 me

195 650 297 707 iisdem
311 650 384 708 dolis
400 652 504 726 nequit
520 669 628 726 capere,
645 651 720 707 nihil
733 651 838 723 minus,
853 668 940 727 quam
953 653 1016 709 vim
1029 661 1082 711 eut

194 747 311 820 bellum,
327 755 550 825 exspectantem,
564 750 597 806 in
610 749 732 825 imperio
744 754 849 820 vestro,
864 748 951 806 sicuti
964 750 1079 824 videtis,

193 851 340 902 extorrem
356 847 458 922 patria,
472 847 566 918 domo,
582 847 706 922 inopem,
722 854 752 904 et
765 854 933 924 coopertum
946 847 1077 921 miseriis,

193 945 297 1016 effecit,
317 950 353 1001 ut
372 946 468 1002 ubivis
488 946 590 1016 tutius,
610 965 699 1020 quam
720 945 753 1001 in
771 965 836 1002 meo
857 963 954 1021 regno,
978 965 1077 1005 essem.

192 1042 256 1118 Ego
266 1043 307 1099 sic
316 1043 525 1113 existimabam,
537 1042 640 1099 Patres
653 1042 817 1118 conscripti,
829 1048 863 1098 ut
872 1042 1078 1118 praedicantem

192 1140 359 1198 audiveram
372 1150 484 1216 patrem
498 1160 613 1198 meum:
633 1140 685 1215 qui
695 1146 821 1197 vestram
834 1140 993 1196 amicitiam
1006 1141 1078 1198 cole-

190 1242 266 1309 rent,
280 1256 329 1295 eos
341 1238 469 1294 multum
480 1237 608 1295 laborem
621 1238 764 1313 suscipere
769 1255 779 1311 3
796 1242 926 1296 ceterum
936 1257 973 1294 ex
987 1236 1077 1295 omni-

191 1334 246 1391 bus
262 1335 391 1391 maxime
406 1340 487 1392 tutos
505 1353 573 1394 esse.
615 1334 700 1404 Quod
715 1335 748 1391 in
765 1335 876 1391 familia
893 1342 992 1393 nostra
1008 1336 1073 1408 fuit,

191 1432 336 1508 praestitit,
350 1432 397 1488 uti
409 1431 442 1487 in
455 1432 589 1489 omnibus
604 1432 688 1488 bellis
701 1431 783 1488 vobis
796 1432 929 1489 adessent
934 1452 944 1505 3
964 1451 1016 1490 nos
1029 1434 1075 1490 uti

190 1547 243 1603 per
258 1529 352 1585 otium
367 1529 427 1585 tuti
443 1529 541 1600 simus,
557 1528 590 1583 in
603 1547 692 1585 manu
708 1533 805 1584 vestra
822 1534 873 1600 est,
889 1527 993 1585 Patres
1008 1547 1075 1585 con·

190 1626 297 1701 scripti.
341 1625 431 1682 Pater
460 1643 513 1681 nos
540 1624 612 1681 duos
642 1624 746 1695 fratres
772 1624 911 1699 reliquit3
941 1624 1072 1695 tertium,

189 1720 211 1777 J
212 1721 376 1797 ugurtham
397 1720 543 1777 beneficiis
558 1720 618 1777 suis
633 1726 713 1777 ratus
729 1725 773 1776 est
788 1719 871 1776 nobis
886 1720 1074 1795 conjunctum

95 1840 98 1846 ·
188 1818 268 1877 fore:
292 1819 367 1877 alter
389 1839 490 1877 eorum
512 1826 638 1891 necatus,
667 1819 786 1876 alterius
809 1819 871 1897 ipse
894 1838 947 1894 ego
970 1838 1074 1877 manos

188 1920 292 1997 impias
305 1920 357 1976 vix
370 1919 465 1993 effugi.
495 1917 573 1987 Quid
586 1919 688 1992 agaml
706 1936 764 1992 quo
778 1916 959 1992 potissimum
969 1916 1074 1974 infelix

188 2020 337 2078 accedaml
360 2016 482 2074 Generis
495 2014 628 2090 praesidia
637 2014 735 2070 omnia
744 2013 875 2069 extincta
882 2017 965 2068 sunt:
979 2018 1072 2087 pater,

187 2118 234 2176 uti
246 2136 360 2175 necesse
371 2121 441 2185 erat,
452 2119 564 2170 naturae
578 2111 735 2169 concessit:
753 2109 845 2180 fratri,
857 2127 944 2184 quem
953 2107 1073 2166 minime

188 2217 292 2289 decuit,
313 2216 492 2292 propinquus
512 2232 564 2289 per
583 2212 675 2269 scelus
694 2212 787 2268 vitam
807 2210 934 2285 eripuit:
954 2209 1070 2282 adfines,

187 2313 302 2384 amicos,
311 2312 488 2389 propinquos
501 2315 619 2380 ceteros,
633 2309 724 2365 alium
737 2306 794 2364 alia
807 2305 902 2363 clades
915 2305 1070 2382 oppressit;

187 2410 266 2485 capti
285 2410 323 2467 ab
340 2406 497 2484 Jugurtha,
522 2423 588 2480 pars
611 2406 644 2461 in
662 2422 775 2460 crucem
797 2402 862 2473 acti,
883 2420 951 2478 pars
971 2400 1072 2458 bestiis

187 2507 294 2582 objecti
306 2510 390 2577 sunt3
412 2503 504 2579 pauci,
519 2502 624 2578 quibus
638 2501 740 2557 relicta
756 2505 800 2556 est
813 2499 918 2569 anima,
933 2497 1024 2554 clausi
1038 2498 1072 2553 in

186 2603 322 2671 tenebris,
337 2621 404 2659 cum
417 2619 538 2658 moerore
551 2604 581 2655 et
593 2598 683 2669 luctu,
696 2602 790 2654 morte
802 2594 965 2671 graviorem
977 2594 1070 2650 vitam

186 2699 316 2774 exigunt.
359 2697 391 2754 si
406 2696 511 2765 omnia,
526 2713 590 2770 quae
606 2700 659 2750 aut
675 2693 767 2764 amisi,
784 2697 836 2749 aut
852 2710 890 2748 ex
906 2689 1071 2747 necessariis

185 2793 306 2851 adversa
319 2793 395 2849 facta
408 2797 484 2861 sunt,
498 2789 655 2847 incolumia
667 2792 826 2858 manerent,
841 2792 948 2858 tamen,
964 2785 1071 2861 siquid

118 2954 120 2959 ,
185 2910 222 2949 ex
241 2889 398 2965 improviso
415 2886 573 2956 accidisset,
596 2904 649 2941 vos
669 2884 861 2959 implorarem,
881 2882 985 2940 Patres
1004 2901 1070 2939 con·

185 2987 286 3062 scripti
291 3007 300 3059 3
316 2986 429 3062 quibus,
441 3002 494 3059 pro
507 2981 707 3058 magnitudine
719 2980 842 3057 imperii,
849 2980 900 3055 jus
910 2986 940 3036 et
949 2980 1070 3056 injurias

184 3099 283 3139 omnes
296 3101 372 3138 emsa
386 3100 446 3138 esse
460 3079 550 3137 decet.
585 3077 673 3134 Nunc
685 3096 762 3149 vero,
777 3077 859 3134 exsul
870 3076 973 3152 patria,
985 3077 1069 3133 domo

183 3178 269 3250 solus,
288 3184 319 3234 et
339 3178 469 3234 omnium
488 3176 676 3233 honestarum
691 3193 789 3231 rerum
808 3193 903 3250 egena,
924 3192 982 3249 quo
1000 3172 1070 3230 acci·

184 3273 258 3345 dam,
282 3279 336 3330 aut
357 3293 430 3350 quos
453 3273 615 3349 adpellaml
639 3272 815 3343 nationesne,
841 3291 879 3327 an
902 3289 991 3345 reges,
1016 3270 1068 3344 qui

184 3385 282 3427 omnes
305 3370 422 3427 familiae
445 3376 552 3427 nostrae
575 3368 612 3425 ob
638 3374 766 3425 vestram
789 3365 947 3423 amicitiam
968 3362 1068 3420 infesti
