2426 3790
188 273 227 332 84
391 271 613 334 sottum]
635 272 662 331 J
664 271 873 333 UGURTHA.

92 476 94 483 ,
187 429 344 488 habuisset.
387 430 455 487 Nisi
473 436 569 487 tamen
592 429 782 505 respublica,
806 429 917 504 pariter
934 446 967 484 ac
984 427 1080 484 savis

188 527 262 582 simo
275 525 404 600 imperio,
419 526 493 582 bene
506 531 595 600 atquo
609 524 710 582 decore
723 531 811 600 gesta.

249 621 298 678 01.
341 620 440 696 Igitur
467 627 572 697 quarto
603 621 727 696 deniquo
755 621 810 690 die,
836 618 916 676 haud
935 618 1021 694 longe
1039 618 1078 674 ab

188 718 295 793 oppido
322 715 412 789 Cirta,
446 719 576 793 undique
608 718 695 775 simul
719 717 912 792 speculatores
939 715 991 771 citi
1016 734 1078 771 seso

188 808 364 870 ostendunt:
393 832 452 889 qua
478 833 510 870 re
533 813 630 870 hostes
656 813 754 870 adesse
780 812 963 886 intelligitur.
1010 810 1076 881 Sed,

188 911 258 986 quia
276 909 384 967 diversi
406 911 569 982 redeuntes,
588 911 663 968 alius
680 913 717 968 ab
735 911 793 967 alia
805 921 897 985 parte,
918 915 1005 984 atque
1019 928 1078 964 om-

187 1026 238 1063 nes
251 1006 329 1063 idem
342 1007 562 1082 significabant3
583 1008 694 1079 consul,
707 1008 837 1065 incertus
850 1025 976 1081 quonam
991 1005 1078 1060 modo

188 1102 280 1158 aciem
299 1103 466 1174 instrueret,
486 1103 569 1160 nullo
590 1104 691 1160 ordine
711 1109 896 1173 commutato,
923 1101 1077 1157 adversum

188 1198 286 1254 omnia
311 1204 437 1274 paratus,
464 1199 573 1256 ibidem
605 1200 762 1275 opperitur.
813 1197 862 1255 Ita
896 1197 1077 1272 Jugurtham

188 1311 252 1367 spes
265 1293 413 1364 frustrata,
424 1295 476 1370 qui
484 1295 580 1370 copias
589 1296 622 1351 in
632 1302 758 1370 quatuor
767 1303 864 1370 partes
878 1293 1075 1361 distribuerat,

120 1381 122 1388 ’
187 1393 269 1446 ratus
288 1409 326 1446 ex
348 1391 482 1446 omnibus
497 1410 579 1466 aeque
596 1390 708 1467 aliquos
721 1391 758 1447 ab
769 1398 850 1466 tergo
864 1391 996 1448 hostibus
1009 1408 1079 1445 ven-

188 1491 279 1545 turos.
315 1485 440 1542 Interim
455 1485 544 1557 Sulla,
558 1505 644 1561 quem
655 1486 782 1561 primum
792 1487 890 1544 hostes
900 1486 1075 1560 adtigerant,

188 1580 355 1638 cohortatus
371 1600 446 1655 suos,
466 1584 620 1638 turmatim
641 1589 670 1640 et
689 1602 776 1658 quam
793 1583 920 1639 maxime
940 1580 1078 1638 confertis

187 1676 277 1751 equis,
301 1677 363 1751 ipse
385 1676 493 1752 aliique
516 1677 636 1734 Mauros
655 1677 819 1734 invadunt:
848 1677 938 1733 ceteri
957 1677 990 1733 in
1013 1677 1077 1735 loco

187 1777 338 1829 manentes
354 1773 391 1829 ab
407 1773 512 1848 jaculis
528 1774 641 1830 eminus
655 1773 766 1831 emissis
780 1792 898 1848 corpora
913 1778 1016 1848 tegere,
1036 1781 1076 1844 et,

187 1869 212 1924 si
226 1869 323 1944 quiin
335 1886 439 1924 manus
453 1874 601 1938 venerant,
616 1869 799 1925 obtruncare.
840 1867 920 1923 Dum
939 1887 973 1924 eo
991 1870 1078 1925 modo

187 1964 301 2039 equites
314 1964 490 2039 praeliantur,
504 1964 634 2021 Bocchus
643 1984 709 2022 cum
720 1965 873 2040 peditibus,
884 1983 956 2040 quos
966 1964 1075 2035 Volux,

187 2060 265 2117 filius
279 2061 350 2134 ejus,
365 2060 535 2131 adduxerat,
548 2079 642 2136 neque
655 2061 687 2116 in
701 2062 796 2136 priore
804 2080 910 2136 pugna,
925 2059 958 2115 in
970 2059 1078 2116 itinera

188 2159 301 2230 morati,
316 2158 476 2227 adfuerant,
491 2163 665 2231 postremam
680 2157 878 2213 Romanorum
892 2157 982 2212 aciem
996 2157 1078 2211 inva-

188 2254 271 2313 dunt.
313 2253 389 2310 Tum
415 2252 528 2310 Marius
554 2254 632 2328 apud
655 2253 764 2328 primos
787 2252 908 2327 agebat3
936 2251 1077 2327 quodibi

188 2350 210 2407 J
213 2349 339 2424 ugurtha
352 2369 418 2406 cum
437 2350 571 2424 plurimis
589 2356 657 2408 erat.
701 2348 789 2406 Dein>
801 2348 939 2418 Numida,
960 2348 1077 2423 cognito

189 2445 296 2502 Bocchi
309 2446 446 2515 adventu,
461 2447 539 2521 olam·
548 2466 613 2506 cum
628 2447 727 2521 paucis
735 2446 772 2502 ad
786 2447 897 2521 pedites
910 2445 1076 2502 convertit:

188 2541 230 2597 ibi
244 2541 349 2598 Iatine
363 2543 443 2619 (nam
457 2543 534 2617 apud
548 2542 741 2599 Numantiam
761 2543 842 2617 loqui
856 2538 1007 2617 didicerat)
1025 2559 1076 2596 ex-

189 2637 315 2694 clamat:
338 2641 355 2671 “
364 2646 477 2694 nostros
485 2638 593 2694 frustra
602 2656 731 2713 pugnare
738 2660 746 2710 ;
760 2638 858 2713 paullo
869 2645 937 2693 ante
946 2637 1077 2694 Marium

188 2753 241 2790 sua
254 2752 342 2789 manu
356 2732 541 2790 interfectum
552 2736 575 2805 ;'’
597 2734 684 2790 simul
700 2734 829 2809 gladium
846 2734 987 2808 sanguino
1005 2733 1078 2790 obli-

189 2841 253 2888 tum
274 2830 433 2902 ostendere,
458 2848 545 2906 quem
568 2830 726 2905 inpugna,
748 2831 818 2886 satis
837 2831 960 2905 impigre
983 2831 1077 2886 occiso

188 2929 285 3003 pedite
306 2932 414 2995 nostro,
436 2932 646 2984 cruentaverat.
689 2926 774 2994 Quod
794 2926 846 2982 ubi
865 2927 974 2982 milites
1000 2947 1077 2984 aoce-

188 3043 263 3099 pere‚
279 3024 370 3097 magis
383 3021 537 3078 atrocitate
549 3023 600 3091 rei,
617 3041 702 3097 quam
713 3022 770 3078 fide
782 3023 891 3091 nuncii,
907 3028 1056 3078 terrentur
1069 3045 1075 3079 ε

189 3118 333 3195 simulque
346 3118 464 3175 barbari
478 3116 589 3173 animos
600 3118 709 3188 tollere,
722 3117 797 3173 etin
810 3117 956 3192 perculsos
970 3116 1077 3174 Roma-

188 3231 241 3269 nos
254 3213 348 3270 acrius
360 3213 500 3271 incedere.
536 3213 662 3287 Jamque
674 3211 804 3288 paullum
818 3213 855 3268 ab
864 3212 932 3287 fuga
945 3212 1075 3279 aberant,

189 3325 256 3363 cum
274 3307 362 3380 Sulla,
378 3310 544 3385 profligatis,
561 3327 633 3385 quos
646 3308 799 3379 adversum
813 3310 895 3378 ierat,
911 3307 1024 3363 Mauris
1037 3308 1076 3362 ab

189 3402 280 3461 latero
299 3404 431 3464 incurrit.
485 3405 616 3464 Bocchus
636 3406 736 3462 statim
755 3406 905 3464 avertitur.
951 3403 998 3460 At
1021 3403 1043 3460 J
1045 3423 1076 3460 u-
