2426 3790
203 253 239 310 56
401 253 619 313 SALLUSTII
642 254 668 311 J
672 254 879 314 UGUBTHA.

200 405 369 481 praefectum
382 408 487 483 oppidi,
503 408 535 467 T.
552 408 716 484 Turpilium
731 408 872 479 Silanum,
886 408 962 468 alius
982 411 1086 484 alium,

200 502 299 558 domos
322 520 388 559 suas
407 503 557 562 invitant:
587 522 635 560 eos
654 523 760 576 omnes,
781 511 887 580 praeter
907 505 1084 582 Turpilium,

199 597 277 655 inter
295 599 394 674 epulas
413 600 603 658 obtruncant:
623 607 722 676 postea
742 602 858 673 milites,
879 602 1022 678 palantes,
1040 605 1085 663 in·

198 712 297 765 ermes,
309 695 416 770 quippe
429 695 461 751 in
475 696 526 752 tali
541 696 590 753 die
602 715 636 753 ac
648 696 711 753 sine
718 697 849 772 imperio,
858 698 1082 773 adgrediuntur.
1137 765 1149 783 ο

198 791 281 848 Idem
295 791 393 868 plebes
406 792 483 864 iacit,
499 812 566 868 pars
579 793 674 850 edocti
685 793 723 849 ab
736 793 898 863 nobilitate,
918 795 970 852 alii
983 797 1085 856 studio

196 886 300 943 talium
319 906 417 945 rerum
436 888 559 959 incitati,
581 888 662 964 queis
681 896 746 945 acta
766 889 977 965 consiliumque
1001 891 1083 966 igno

195 983 335 1054 rantibus,
350 983 496 1041 tumultus
508 984 571 1060 ipse
584 991 615 1042 et
628 1004 673 1042 res
686 1004 769 1041 novae
782 984 853 1042 satis
866 985 1030 1060 placebant.

243 1080 388 1151 ,LXVIL
406 1144 408 1147 .
430 1081 557 1138 Romani
574 1081 691 1152 milites,
706 1081 862 1156 improviso
876 1088 958 1139 metu
972 1082 1081 1141 incerti

193 1177 345 1253 ignarique
372 1177 442 1252 quid
469 1177 652 1253 potissimum
677 1177 814 1248 iacerent,
842 1178 990 1253 trepidare
1001 1198 1012 1249 3
1040 1179 1080 1236 ad

192 1292 287 1330 arcem
314 1274 422 1350 oppidi,
444 1275 495 1330 ubi
514 1274 598 1350 signa
623 1281 654 1330 et
679 1279 762 1333 scuta
787 1281 881 1345 erant,
907 1274 1078 1350 praesidium

192 1368 339 1439 hostium;
367 1377 458 1444 portae
477 1379 546 1426 ante
566 1370 669 1426 clausae
686 1370 785 1444 fugam
805 1370 998 1445 prohibebunt
1008 1391 1018 1443 3
1038 1372 1079 1428 ad

191 1466 244 1522 boc
264 1465 400 1523 mulieres
419 1466 559 1541 puerique
578 1485 631 1540 pro
646 1466 732 1522 tectis
747 1466 936 1523 {edificiorum
948 1485 1028 1538 saxa,
1044 1473 1077 1523 et

189 1560 253 1632 alia,
275 1580 340 1637 quae
360 1561 440 1618 locus
458 1561 612 1636 prebebat,
633 1562 767 1618 certatim
787 1562 913 1621 mittere.
955 1561 1006 1619 Ita
1025 1582 1076 1618 ne

188 1755 262 1809 simo
274 1753 375 1827 generi
386 1752 482 1810 resisti
494 1771 595 1829 posse:
611 1753 700 1828 juxta
718 1753 787 1810 boni
804 1754 940 1829 malique,
957 1756 1074 1817 strenui

188 1854 218 1906 et
230 1849 369 1919 imbelles,
383 1849 473 1908 inulti
486 1850 659 1907 obtruncati.
702 1847 742 1904 In
755 1868 789 1906 ea
802 1855 887 1906 tanta
901 1851 1071 1924 asperitate,

187 1946 351 2003 saevissimis
363 1946 503 2003 Numidis
518 1952 549 2002 et
566 1945 671 2021 oppido
690 1946 819 2019 undique
839 1945 944 2016 clauso,
966 1945 1072 2022 Turpi-

187 2044 243 2100 lius
263 2044 416 2120 praefectus
432 2062 510 2100 unus
529 2062 566 2099 ex
585 2043 721 2099 omnibus
740 2041 854 2098 Italicis
873 2042 1005 2118 profugit
1024 2043 1072 2099 in·

185 2146 299 2198 tactus:
327 2140 357 2196 id
380 2138 612 2195 misericordiane
638 2137 768 2214 hospitis,
792 2157 830 2194 an
850 2139 985 2212 pactione
1015 2147 1071 2196 aut

184 2256 260 2309 casu,
275 2238 318 2294 ita
334 2235 472 2305 evenerit,
490 2253 596 2311 parum
615 2233 807 2308 comperimus
816 2254 826 2305 3
850 2233 916 2304 nisi,
933 2234 1004 2309 quia
1021 2233 1070 2290 illi

183 2334 215 2389 in
234 2339 318 2390 tanto
337 2332 414 2388 malo
434 2330 529 2406 turpis
543 2331 604 2386 vita
616 2329 693 2385 fama
705 2330 821 2404 integra
832 2329 937 2404 potior,
959 2329 1069 2405 impro-

183 2432 237 2487 bus
249 2429 480 2503 intestabilisque
493 2428 617 2483 videtur.

240 2506 394 2582 txvur.
429 2520 883 2597 Metellquortquamderebus
891 2520 1067 2598 vagarent

182 2621 329 2698 comperit,
344 2620 502 2697 paullisper
516 2628 636 2676 moestus
648 2635 665 2674 e
678 2625 831 2694 conspectu
845 2619 927 2690 abit3
947 2619 1064 2693 deinde,

182 2719 233 2775 ubi
246 2721 290 2775 ira
303 2726 333 2775 et
346 2717 488 2792 aegritudo
502 2717 649 2793 permixta
661 2720 740 2783 sunt,
759 2733 826 2770 cum
843 2716 972 2773 maxima
992 2736 1066 2775 eura

180 2816 277 2872 ultum
290 2816 333 2871 ire
345 2814 467 2889 injurias
479 2812 606 2869 festinat
641 2810 806 2885 Legionem,
821 2829 888 2866 cum
901 2829 960 2885 qua
972 2810 1064 2870 hiem·

180 2914 255 2983 abat,
271 2922 309 2982 et,
324 2929 411 2987 quam
424 2909 565 2986 plurimos
577 2913 682 2983 potest,
696 2905 841 2963 Numidas
861 2908 974 2981 equites
986 2908 1063 2982 pari-

181 3016 226 3064 ter
238 3026 304 3064 cum
316 3025 418 3064 occasu
435 3005 503 3062 solis
522 3002 673 3079 expeditos
692 2999 806 3059 educit:
828 3006 859 3058 ct
876 3006 993 3076 postera
1012 3001 1062 3059 die

180 3104 293 3160 circiter
305 3103 406 3159 horam
419 3102 537 3159 tertiam
547 3098 680 3175 pervenit
689 3098 721 3157 iu
731 3097 886 3172 quamdam
896 3097 1060 3173 planitiem,

180 3200 249 3256 lucis
261 3200 360 3276 paullo
379 3199 575 3275 superioribus
594 3196 828 3254 circumventam
871 3195 921 3252 Ibi
940 3195 1059 3267 milites,

179 3296 266 3351 lassos
283 3296 397 3353 itineris
410 3293 619 3371 magnitudine,
640 3298 671 3350 et
686 3293 748 3368 jam
768 3294 930 3350 abnuentes
949 3293 1059 3363 omnia,

180 3390 270 3463 docet,
285 3393 450 3468 “oppidum
464 3392 581 3467 Vagam
595 3408 655 3446 non
673 3388 800 3465 amplius
819 3389 900 3446 mille
919 3408 1059 3466 passuum
