2426 3790
331 278 552 345 secaveris
577 284 604 342 J
606 282 812 344 UG‘UM'HA.
973 286 1012 345 59

129 424 133 435 ’
189 436 325 494 LXXII.
357 437 409 494 Ad
429 457 464 495 ea
482 456 543 509 rex,
559 434 645 495 aliter
662 444 751 515 atque
769 439 867 496 animo
887 438 1011 514 gerebat,

127 534 240 610 placide
263 535 420 609 respondit
472 533 635 591 Bomilcare
654 534 776 610 aliisque
802 533 910 605 multis,
940 552 1013 609 quos

129 630 219 687 socios
239 630 411 686 insidiarum
425 636 607 705 cognoverat,
622 630 789 701 interfectis,
804 630 878 686 iram
899 649 1012 706 oppres-

125 732 202 783 serat
208 745 217 798 ;
239 745 276 783 ne
296 745 354 802 qua
374 743 412 784 ex
432 747 466 784 eo
486 727 602 801 negotio
615 727 718 784 seditio
731 728 863 783 oriretur.
905 726 1012 801 Neque

124 831 191 899 post
210 824 241 880 id
261 824 389 880 locorum
409 822 566 899 Jugurtbae
584 824 645 880 dies
671 828 724 880 aut
744 843 805 880 nox
827 823 888 881 ulla
910 824 1011 899 quieta

124 919 202 977 fuit:
223 938 317 995 neque
331 920 402 991 loco,
417 938 511 996 neque
524 920 640 976 mortali
653 920 796 994 cuiquam,
811 927 864 976 aut
878 920 1009 995 tempori,

126 1016 196 1072 satis
216 1015 331 1072 credere
341 1033 350 1086 ;
376 1016 461 1086 cives,
489 1015 593 1087 hostes,
613 1016 702 1090 juxta
721 1021 869 1073 metuere:
890 1016 1010 1073 circum-

124 1119 255 1187 spectare
268 1113 373 1182 omnia,
390 1118 420 1168 et
433 1112 513 1169 omui
523 1113 647 1186 strepitu
659 1130 830 1188 pavescere:
852 1112 909 1168 alio
921 1117 1010 1188 atque

124 1208 183 1264 alie
196 1207 268 1278 loce,
284 1226 357 1283 saepe
368 1214 469 1265 contra
483 1208 569 1265 decus
582 1208 702 1283 regium,
717 1213 805 1264 noctu
816 1207 1008 1282 requiesceret

11 1324 15 1329 ·
125 1304 282 1374 interdum,
311 1322 411 1360 somno
441 1305 555 1361 excitus
582 1304 703 1378 arreptis
731 1304 820 1360 armis
845 1298 1008 1362 tumultum

125 1399 234 1457 lacere:
256 1400 300 1456 ita
319 1400 481 1470 formidine,
503 1400 586 1475 quasi
605 1399 746 1470 vecordia,
769 1400 917 1474 exagitari.

184 1495 338 1553 LXXIII„
377 1496 475 1571 Igitur
487 1496 634 1566 Metellus,
644 1497 694 1552 ubl
709 1495 745 1552 de
758 1515 825 1553 casu
839 1496 1009 1554 Bomilcaris

125 1598 155 1648 et
169 1590 276 1647 indicio
296 1591 440 1667 patefacto
457 1610 495 1648 ex
508 1591 635 1667 perfugis
655 1592 798 1667 cognovit,
812 1611 921 1663 rursus,
935 1598 1009 1649 teme

124 1706 213 1763 quam
232 1687 269 1744 ad
289 1689 435 1763 integrum
454 1686 571 1757 bellum,
593 1693 697 1744 cuncta
718 1692 801 1762 parat
822 1688 1006 1764 festinatque

124 1783 263 1854 Marium,
278 1784 451 1860 fatigantem
464 1783 500 1841 de
517 1783 708 1859 profectione,
717 1783 803 1839 simul
820 1790 851 1840 et
869 1786 1006 1856 invitum,

126 1882 157 1934 et
182 1881 323 1936 offensum
347 1880 411 1951 sibi,
438 1899 542 1955 parum
565 1879 701 1937 idoneum
720 1885 809 1949 ratus,
828 1880 946 1938 domum
966 1882 1007 1938 di-

124 1976 226 2034 mittit.
269 1975 310 2031 Et
324 1975 425 2032 Roma
443 1976 549 2052 plebes,
563 1975 677 2047 litteris,
693 1994 756 2051 quae
777 1976 814 2032 de
832 1976 953 2033 Metello
973 1997 1006 2035 ae

124 2073 221 2129 Mario
233 2074 326 2129 missa
340 2078 431 2143 erant,
443 2071 574 2147 cognitis,
584 2071 696 2128 volenti
708 2073 805 2129 animo
818 2072 855 2129 de
868 2073 1006 2131 ambobus

123 2172 299 2243 acceperant.
349 2166 523 2243 Imperatori
543 2168 687 2238 nobilitas,
711 2187 775 2242 qua
795 2175 882 2225 antea
901 2169 1005 2241 decori,

123 2262 242 2319 invidiae
262 2281 340 2321 esse:
365 2269 395 2320 at
416 2263 462 2320 illi
479 2263 564 2321 alteri
583 2264 696 2340 generis
715 2264 865 2322 humilitas
878 2266 1005 2324 favorem

123 2359 293 2417 addiderat:
313 2365 442 2416 ceterum
459 2360 492 2416 in
505 2366 631 2436 utroque
649 2361 741 2435 magis
758 2361 855 2418 studia
868 2362 1005 2437 partium,

124 2477 211 2533 quam
224 2458 308 2529 bona,
323 2464 375 2515 aut
389 2457 465 2514 mala
482 2477 542 2529 sua,
563 2458 711 2514 moderata
731 2465 809 2515 sunt.
851 2458 1003 2531 Praeterea,

123 2554 251 2611 seditiosi
265 2555 451 2630 magistratus
468 2553 588 2629 vulgum
609 2554 764 2629 exagitare,
780 2553 936 2612 Metellum
949 2575 1006 2613 om-

122 2650 210 2706 nibus
223 2650 407 2707 concionibus
420 2649 524 2724 capitis
543 2667 691 2720 arcessere,
709 2648 800 2705 Marii
812 2650 953 2708 virtutem
972 2650 1005 2708 in

122 2747 217 2822 majus
230 2745 383 2804 celebrare.
418 2746 554 2822 Denique
573 2747 670 2821 plebes
688 2744 728 2802 sic
742 2764 868 2816 accensa,
884 2748 929 2827 uti
943 2747 1006 2822 cpi·

122 2842 190 2900 lices
202 2848 384 2919 agrestesque
397 2862 504 2915 omnes,
520 2862 644 2918 quorum
657 2861 703 2899 ree
715 2843 843 2919 fidesque
862 2844 895 2899 in
914 2845 1005 2900 mani·

122 2940 176 2996 bus
189 2939 252 2995 sitae
266 2944 356 3011 erant,
366 2939 474 2996 relictis
484 2940 625 3016 operibus,
638 2940 858 3015 frequentarent
866 2939 1004 3010 Marium,

121 3040 152 3092 et
171 3052 224 3090 sua
242 3036 402 3092 necessaria
420 3042 486 3112 post
505 3036 584 3094 illius
604 3037 740 3093 honorem
759 3037 904 3095 ducerent.
947 3035 1003 3107 Ita,

122 3131 252 3207 perculsa
265 3133 427 3205 nobilitate,
449 3140 514 3208 poet
534 3132 642 3190 multae
661 3139 848 3209 tempestates
867 3151 942 3190 novo
956 3133 1005 3190 ho-

121 3228 195 3284 mini
215 3229 381 3286 consulatus
401 3230 571 3287 mandatur:
592 3237 622 3287 et
641 3236 740 3305 postea
759 3228 891 3304 populus,
906 3248 939 3322 0⁸⁸
954 3230 1005 3291 tri-

121 3323 319 3400 bunoplebis,
341 3324 466 3383 Manilio
485 3325 631 3398 Mancino,
646 3332 772 3401 rogatus,
790 3342 874 3393 quau
893 3343 1005 3386 musar

122 3434 185 3478 cun
209 3419 377 3479 Jueuarrrr
403 3436 522 3480 nrmuu
553 3425 688 3481 sarmul
717 3422 852 3497 frequens
875 3423 1005 3483 Marium
