2426 3786
314 276 320 284 ’
365 266 588 334 SALLUSTII
606 266 813 329 CATILINA.
993 272 1030 333 35

145 423 199 502 eg'o
229 424 271 481 sio
300 423 418 495 aestimo,
449 421 552 479 Patres
580 421 744 498 conscripti,
769 441 868 480 omnes
887 422 1031 483 cruciatus

146 521 281 591 minores,
306 537 396 594 quem
415 518 545 576 facinora
572 518 699 590 illorum,
729 536 810 579 esse:
829 519 879 579 sed
898 519 1030 597 plerique

146 614 285 672 mortales
297 619 442 689 postrema
458 613 624 685 meminere,
646 619 679 671 et
693 613 726 671 in
743 614 909 672 hominibus
921 615 1029 691 impiis,

146 712 262 770 sceleris
275 711 368 782 obliti,
388 711 424 767 de
441 728 527 786 poene
540 710 694 782 disserunt,
708 710 734 766 si
747 729 781 767 ea
793 708 892 786 paullo
905 710 1031 768 severior

146 807 214 869 fuit
248 805 286 864 D.
299 805 441 877 Silanum,
450 805 661 863 virumfortem
674 811 763 882 etque
776 811 938 879 strenuum,
952 813 1031 864 certo

146 903 215 973 scio,
229 919 294 977 qum
308 900 423 971 dixerit,
438 900 537 957 studio
544 900 709 975 reipublioae
716 900 833 973 dixisse,
843 919 937 977 neque
946 901 1032 976 illum

146 997 179 1054 in
206 999 293 1052 tants
322 1014 354 1051 re
381 994 514 1070 gratiam,
541 1002 595 1052 eut
621 995 789 1052 inimicitias
815 1015 967 1069 exercere3
985 1015 1033 1054 eos

147 1108 251 1160 mores,
265 1107 330 1146 eam
342 1088 514 1147 modestiam
524 1091 582 1147 riri
594 1091 724 1166 cognovi
760 1091 874 1149 Verum
887 1092 1033 1150 sententie
1120 1150 1123 1155 ,

148 1203 208 1245 non
220 1182 294 1241 milri
308 1183 444 1255 crudelis,
459 1185 534 1261 quid
548 1187 627 1243 enim
640 1186 672 1243 iu
687 1184 761 1242 tales
773 1185 904 1244 hominos
917 1188 1032 1245 crudele

148 1279 216 1339 fieri
234 1281 352 1354 potestt
384 1279 434 1336 sed
461 1281 557 1338 eliens
580 1281 769 1359 erepublica
788 1288 887 1339 nostra
906 1283 1029 1343 videtur.

148 1371 229 1429 Nem
242 1373 370 1448 profesto
382 1380 435 1430 aut
448 1382 551 1447 metus,
563 1382 616 1434 eut
628 1376 737 1452 injuris
745 1383 776 1434 te
785 1377 907 1452 subegit,
923 1376 1031 1450 Silene,

148 1468 296 1531 consulem
309 1469 500 1545 designatum,
520 1491 612 1547 genus
633 1491 724 1548 poenoe
739 1492 850 1531 novum
871 1475 1031 1532 decernere.

148 1565 198 1623 De
216 1565 321 1622 timore
339 1585 584 1641 supervacaneum
600 1577 645 1627 est
658 1570 806 1642 disserere,
824 1589 898 1641 eum,
915 1588 1034 1645 presser-

148 1660 205 1728 tim
226 1660 379 1736 diligentie
398 1661 550 1721 clarissimi
567 1663 636 1735 viri,
651 1664 784 1736 consulis,
803 1669 888 1722 tante
900 1664 1034 1741 praesidis

149 1758 211 1815 sint
224 1757 256 1814 in
268 1757 364 1820 ermis.
407 1757 454 1815 De
472 1777 558 1834 poens
572 1778 724 1836 possumus
737 1760 871 1835 equidem
884 1760 989 1832 dicere,
1001 1760 1032 1815 id

150 1854 228 1931 quod
241 1853 397 1925 nechabet,
415 1855 448 1910 in
460 1855 543 1912 luctu
556 1861 643 1931 atque
656 1854 779 1912 miseriis
791 1861 916 1913 mortem
933 1873 1034 1915 aerum-

149 1969 254 2007 nerum
268 1951 410 2025 requiem„
421 1969 482 2007 non
494 1951 656 2009 cruciatum
670 1969 749 2024 esse;
771 1969 836 2008 eam
845 1955 950 2008 cuncta
960 1968 1034 2009 mor-

149 2045 255 2109 talium
262 2044 339 2103 mata
347 2045 521 2118 dissolvere;
542 2046 620 2103 ultre
632 2065 727 2122 neque
737 2065 812 2104 ourae
822 2064 916 2122 neque
929 2045 1034 2122 gaudio

149 2138 246 2207 losum
259 2157 327 2200 esse.
366 2139 434 2211 Sed,
446 2159 499 2215 per
512 2140 580 2197 deos
592 2140 784 2202 immortales!
806 2143 993 2218 quemobrem
1001 2141 1034 2198 in

150 2234 325 2292 sententiam
345 2253 405 2291 non
424 2235 570 2306 addidisti,
591 2236 637 2299 uti
656 2236 738 2312 prius
750 2237 919 2294 verberibus
936 2236 969 2293 in
987 2255 1035 2294 eos

151 2329 450 2388 unimedrmtereturl
472 2350 518 2402 en,
537 2332 609 2408 quie
626 2331 675 2388 lex
693 2332 796 2390 Porcio
808 2333 906 2390 vetati
926 2338 958 2388 et
970 2331 1034 2388 slim

151 2424 228 2501 leges
239 2425 313 2481 item
325 2424 524 2482 condemnetis
541 2425 655 2483 ciuibus
671 2426 798 2484 animum
810 2445 875 2505 non¹
884 2426 966 2502 eripi,
981 2426 1032 2483 sed

134 2521 184 2586 ,in
197 2519 319 2583 exilium
332 2520 464 2597 permitti
473 2521 587 2596 jubent
627 2520 689 2593 An,
703 2522 773 2598 quio
784 2523 902 2598 gravius
919 2527 965 2580 est
974 2541 1035 2579 ver-

152 2616 256 2688 berari,
270 2635 359 2692 quem
372 2617 487 2675 necarit
503 2616 580 2694 ¹quid
596 2624 696 2674 autem
712 2618 856 2691 acerbum,
877 2624 930 2675 sut
946 2636 1035 2695 greve

152 2713 241 2769 nimis
253 2711 287 2768 in
303 2711 436 2770 homines
453 2713 531 2770 tenti
551 2713 685 2772 facinoris
704 2715 870 2773 convictosl
891 2716 948 2786 sin,
967 2713 1036 2789 quia

151 2808 266 2867 leviue‘l
286 2808 339 2884 qui
354 2809 492 2866 convenit
506 2809 539 2867 in
558 2811 675 2869 minore
688 2813 804 2889 negotio
816 2813 911 2889 legem
923 2813 1033 2880 timme,

152 2923 219 2963 cnm
235 2923 301 2962 eum
317 2905 350 2961 in
365 2905 475 2981 majore
492 2906 672 2983 neglexeris?
713 2909 760 2967 At
772 2910 852 2967 enim
863 2909 930 2985 quis
941 2926 1035 2984 repre-

152 3003 270 3075 hendet,
282 3002 362 3080 quod
380 3004 413 3060 in
429 3003 587 3079 parricidas
605 3003 770 3081 reipublicae
790 3006 940 3063 decretum
958 3002 1034 3060 eritl

153 3100 288 3178 Tempus,
309 3100 378 3172 dies,
400 3100 528 3172 fortune,
547 3102 630 3178 cujus
646 3103 746 3160 lubido
759 3103 894 3179 gentibus
907 3099 1035 3159 modera-

153 3200 213 3257 tur.
254 3193 321 3252 Illis
338 3196 442 3253 merito
455 3196 569 3268 eccidit,
582 3196 725 3274 quidquid
739 3197 888 3255 evenerit:
907 3200 1036 3254 ceterum

153 3309 214 3362 vos,
236 3289 339 3348 Patres
358 3292 521 3368 conscripti,
540 3292 612 3370 quid
623 3293 655 3350 in
667 3293 740 3351 ulios
753 3293 896 3364 statuatis,
911 3291 1037 3350 conside

146 3391 227 3453 :rom
268 3385 376 3449 Omnis
390 3387 613 3467 meluexempls
628 3406 667 3448 ex
683 3388 767 3448 bonis
784 3392 851 3447 orta
867 3391 938 3473 sunt
946 3404 958 3458 ς
975 3385 1034 3458 sed,
