2426 3790
194 279 232 338 aa
391 259 609 334 narseum
633 273 871 335 Jeeurrnr.

191 434 223 490 in
241 431 376 489 Africam
394 430 519 506 majores
539 436 621 501 nutu,
642 431 762 499 nobiles,
782 431 886 507 amplis
902 431 1079 505 honoribus3

190 529 224 585 in
238 527 320 605 queis
334 526 377 584 M.
393 525 525 599 Scaurus,
542 527 578 583 de
591 545 650 604 quo
663 547 751 603 uupre
762 528 995 599 memoravimus,
1011 546 1079 587 oon·

190 624 302 697 salaria,
319 628 349 681 et
361 628 433 680 tune
453 623 486 679 in
506 630 610 680 senatu
629 625 771 700 princeps.
813 624 866 696 Hi,
888 625 966 702 quod
982 626 1015 683 in
1032 626 1079 684 in-

188 719 269 778 vidia
285 738 332 776 res
350 723 420 790 erat,
438 716 525 775 simul
545 722 576 775 et
592 719 629 775 ab
645 718 786 776 Numidis
801 720 951 788 obsecrati,
971 722 1077 780 triduo

190 816 291 872 navim
304 814 471 873 ascendere:
487 815 591 872 deinde
600 815 683 872 brevi
693 815 813 873 Uticam
828 817 950 893 adpulsi,
961 817 1078 877 litteras

188 911 226 967 ad
239 910 261 967 J
262 910 420 986 ugurtham
433 910 566 977 mittunt,
581 927 666 978 QUAM
678 928 813 969 oerssme
831 929 873 970 AD
887 928 1078 975 reovmolm
1101 930 1105 935 ’

188 1022 337 1079 andenam
360 1022 454 1074 saque
470 1022 513 1062 An
532 1022 596 1064 surr
613 1022 782 1066 reserare
799 1025 909 1067 mesos.
951 1009 1009 1067 Ille
1021 1011 1077 1068 ubi

187 1103 306 1178 accepit,
326 1101 458 1170 homines
478 1103 575 1175 claros,
597 1122 722 1178 quorum
742 1105 947 1162 auctoritatem
968 1106 1076 1163 Romae

188 1199 296 1273 pollere
309 1199 468 1271 audiverat,
484 1206 585 1257 eontra
600 1202 749 1276 inceptum
767 1221 853 1259 suum
866 1202 998 1275 venisse3
1016 1204 1076 1278 pri·

188 1315 236 1352 mo
256 1302 423 1369 commotus,
443 1303 524 1354 metu
542 1303 630 1373 atque
647 1298 778 1354 lubidine
797 1297 928 1355 diversus
947 1298 1075 1374 agitaba-

187 1397 243 1451 tur.
286 1392 421 1450 Timebat
435 1394 509 1453 iram
522 1394 623 1464 senati,
638 1394 670 1450 ni
687 1394 830 1470 paruisset
846 1394 967 1469 legatis:
986 1412 1074 1469 porro

187 1488 302 1545 animus
321 1488 457 1564 cupidine
478 1507 568 1545 caecus
589 1488 626 1544 ed
646 1489 796 1566 inceptum
819 1489 910 1547 scelus
931 1489 1072 1564 rapiebat.

114 1584 119 1588 ’
186 1582 269 1641 Vicit
281 1589 381 1641 tamen
394 1584 427 1640 in
440 1584 525 1642 avido
540 1584 658 1660 ingenio
672 1604 795 1660 pravum
811 1585 971 1645 consilium.
1013 1585 1074 1660 Igi-

186 1687 244 1752 tur,
259 1682 390 1738 exercitu
406 1680 591 1753 circumdato,
609 1685 723 1737 summa
737 1681 770 1737 vi
783 1681 894 1738 cirtam
910 1682 1073 1756 irrumpere

185 1777 300 1848 nititur,
320 1776 446 1833 maxime
466 1794 591 1851 sperans,
613 1775 733 1832 diducta
751 1794 841 1832 menu
860 1775 997 1847 hostium,
1017 1781 1072 1832 aut

185 1873 224 1941 vi,
238 1877 293 1929 aut
309 1872 391 1945 dolis,
406 1890 468 1929 sese
483 1890 581 1928 cesum
596 1871 726 1928 vietoriae
744 1871 941 1928 inventurum.
984 1870 1071 1940 Quod

184 1967 236 2024 ubi
259 1986 339 2026 secus
361 1967 501 2044 procedit,
525 1986 627 2042 neque,
655 1967 733 2042 quod
759 1967 933 2038 intenderat,
958 1967 1071 2024 efficere

141 2096 145 2106 »
184 2070 286 2140 potest,
302 2062 348 2122 uti
365 2065 454 2141 prius,
470 2084 557 2140 quam
572 2065 683 2139 legatos
698 2062 1071 2137 conveniret,'Adherbaliu

184 2152 346 2237 potiretur:
364 2179 401 2216 ne
414 2160 539 2235 amplius
552 2160 699 2229 merendo,
715 2158 863 2230 Scaurum,
879 2177 967 2233 quem
979 2157 1071 2233 pluri·

183 2276 265 2314 mum
284 2257 440 2329 metuebat,
465 2257 641 2323 incenderet,
662 2275 728 2313 eum
751 2256 850 2331 paucis
871 2255 1018 2330 equitibus
1035 2255 1070 2311 in

182 2353 362 2428 provinciam
376 2353 466 2410 venit.
507 2351 563 2424 Ae,
580 2358 678 2409 tamen
691 2350 747 2408 etei
762 2351 857 2408 senati
869 2349 966 2407 verbis
980 2348 1069 2407 minu

181 2466 284 2523 graves
306 2449 529 2519 nunciabantur,
557 2448 635 2523 quod
661 2445 877 2522 oppugnatione
899 2463 959 2501 non
982 2443 1069 2501 desis·

182 2550 265 2616 teret,
284 2545 378 2601 multe
397 2551 497 2601 tamen
515 2544 645 2605 emtione
664 2548 823 2614 consumta,
849 2541 939 2617 legati
959 2541 1069 2599 fiuetru

181 2639 344 2696 discessere.

239 2733 365 2793 XXVI.
406 2734 451 2792 Ee
467 2741 621 2812 postquem
639 2735 727 2792 cirta
745 2733 846 2792 audite
864 2739 941 2805 sunt,
958 2733 1066 2805 Itulici,

181 2849 304 2906 quorum
327 2831 440 2887 virtute
462 2832 569 2889 moeuia
593 2831 825 2902 defensabantur,
853 2830 961 2901 confisi,
988 2830 1068 2887 dedi-

181 2926 260 2983 tione
277 2926 360 2998 facto,
376 2932 496 3002 propter
512 2927 744 3002 magnitudinem
761 2925 864 3001 populi
879 2924 1007 2982 Rornwi
1024 2925 1068 2985 iu-

180 3020 304 3078 violatos
330 3039 391 3078 sese
413 3021 483 3094 fore,
505 3021 672 3083 *Adherbali
693 3020 826 3090 suadent,
850 3020 897 3076 uti
918 3037 1015 3095 seque,
1037 3025 1068 3077 et

181 3116 319 3192 oppidum
331 3115 354 3174 J
354 3117 488 3192 ugurthae
503 3117 616 3190 tradat3
634 3120 752 3173 tantum
767 3116 805 3173 ab
820 3134 855 3173 eo
866 3116 960 3172 vitem
975 3114 1067 3190 peois-

181 3218 278 3286 cetur3
299 3213 335 3270 de
355 3213 457 3271 ceteris
472 3213 589 3270 senatui
603 3231 679 3270 curae
696 3212 766 3271 fore.
806 3212 853 3270 At
869 3213 928 3284 ille,
948 3213 1067 3270 tumemi

181 3309 278 3364 omniu
290 3310 404 3384 potiore
416 3309 473 3366 fide
489 3309 645 3385 Jugurthae
660 3309 781 3366 rebatur
789 3329 799 3382 3
820 3310 890 3386 quia
906 3326 994 3384 penes
1007 3326 1068 3367 eos·

181 3402 255 3477 dem,
279 3406 305 3462 si
327 3407 537 3481 adversaretur,
558 3408 679 3484 cogendi
695 3412 824 3486 potestas
844 3412 915 3479 erat,
935 3400 994 3480 itu,
1018 3406 1066 3464 uti
