2426 3790
194 255 233 321 34
392 250 617 312 ultanum
640 251 666 307 J
670 247 881 309 veterna,

199 432 203 440 ’
253 405 415 464 XXXIX.
456 404 522 475 Sed,
538 404 590 461 ubi
605 422 640 460 ca
653 403 756 461 Romae
772 406 1013 478 compertasunt,
1028 420 1087 460 me·

193 511 243 567 tus
260 509 349 579 atque
366 520 472 559 moeror
489 500 639 558 civitatem
656 499 808 558 invasere:
829 517 896 574 pars
915 497 1014 556 dolere
1031 518 1085 575 pro

192 600 286 677 gloria
298 598 434 674 imperii3
455 616 531 673 pars,
544 596 664 654 insolita
677 615 776 653 rerum
790 595 966 661 bellicarum,
981 595 1085 651 timere

193 695 343 753 libertati:
364 692 447 750 Aulo
469 711 570 751 omnes
590 693 699 763 infesti,
724 710 758 749 ao
781 692 910 750 maxime
931 692 985 767 qui
1007 691 1084 749 belle

193 807 268 864 saepo
285 787 416 865 praeclari
433 788 558 859 fuerant,
579 788 658 864 qued
674 793 805 849 armatus
820 787 957 845 dedecore
975 788 1082 862 potius,

192 902 282 957 quarn
312 903 411 955 manu,
448 884 571 942 salutem
603 884 787 960 quaesiverat
833 881 879 940 Ob
915 900 950 939 ea
982 881 1083 939 consul

192 979 329 1050 Albinus,
351 999 390 1036 ex
408 979 515 1037 delicto
536 981 637 1037 fratris
657 978 807 1050 invidiam,
829 997 864 1041 aa
886 977 991 1063 gleinde
1008 977 1083 1052 peri-

192 1074 300 1145 culum,
328 1074 444 1146 timens,
472 1082 607 1132 senatum
634 1075 671 1135 da
696 1074 803 1132 foedere
832 1073 1019 1131 consulebat:
1051 1079 1082 1128 et

192 1176 291 1226 tamen
317 1169 438 1229 interim
463 1170 595 1227 exercitu
618 1169 852 1245 supplementum
873 1168 1015 1225 seribere:
1043 1169 1081 1225 ab

192 1265 275 1321 sociis
300 1271 330 1322 et
357 1266 475 1322 nemine
501 1264 608 1322 Latino
635 1265 746 1323 auxilia
772 1282 913 1321 arcessere
919 1283 928 1335 ;
956 1263 1081 1338 denique

191 1358 285 1415 modis
300 1359 435 1417 omnibus
451 1360 596 1429 festinare.
639 1359 764 1417 Senatus
780 1361 832 1430 ita,
847 1360 893 1416 uti
908 1377 961 1435 par
974 1359 1079 1430 fuerat,

191 1455 330 1523 decernit,
346 1473 402 1515 suo
419 1473 518 1524 aranu
536 1473 783 1514 rorunrnrttussu
801 1473 926 1514 nubtura
942 1472 1081 1537 rp‘rmssn

191 1568 294 1610 roenna
308 1569 399 1612 mum.
441 1553 558 1625 Consul,
572 1554 731 1630 impeditus
745 1573 762 1611 a
777 1555 903 1611 tribunis
917 1553 1017 1630 plebis,
1032 1573 1079 1624 ne,

190 1668 263 1724 quaa
282 1656 435 1725 paraverat
455 1651 559 1727 copias,
579 1670 677 1708 secum
699 1656 836 1727 portaret,
859 1651 959 1726 paucio
977 1649 1080 1706 diebus

190 1746 223 1805 iu
242 1746 376 1803 Africam
403 1749 614 1823 proficiscitur:
641 1767 709 1804 nam
737 1748 830 1805 omnis
854 1746 1007 1815 exercitus,
1032 1744 1080 1801 uti

190 1846 371 1912 convenerat,
390 1841 532 1901 Numidia
547 1843 696 1913 deductus,
710 1843 742 1900 in
758 1842 908 1918 provincia
920 1840 1077 1905 hiemabat,

190 1933 350 2011 Postquam
370 1955 403 1992 ec
425 1938 515 2009 venit,
536 1956 712 2014 quemquam
732 1938 866 2014 persequi
884 1936 1077 2012 Jugurtham,

190 2037 221 2087 et
236 2031 347 2090 mederi
365 2033 501 2089 fraternae
518 2034 646 2101 invidiae,
665 2035 781 2091 animus
796 2034 916 2091 ardebat
925 2053 934 2106 3
954 2035 1079 2110 cognitis

189 2128 340 2199 militibus,
355 2147 437 2204 quos,
452 2135 557 2204 praeter
572 2130 680 2204 sugam,
697 2129 793 2186 soluto
809 2128 938 2205 imperio,
960 2129 1079 2187 licentia

189 2231 278 2300 atque
295 2224 415 2281 lascivia
434 2230 609 2300 corruperat,
630 2243 669 2281 ex
688 2225 770 2301 eopia
787 2244 885 2281 rerum
900 2225 1005 2281 statuit
1021 2224 1078 2281 sibi

188 2319 263 2375 nihil
277 2319 454 2394 agitandum.

248 2412 314 2471 XL
356 2413 476 2471 Interea
490 2415 591 2472 Romae
608 2415 641 2473 Ο.
661 2414 812 2472 Mamilius
828 2415 1007 2486 Limetanus,
1027 2417 1079 2474 tri-

188 2508 285 2567 bunus
298 2508 397 2585 plebis,
411 2511 591 2584 rogationem
608 2510 645 2567 ad
661 2511 801 2588 populum
815 2510 987 2587 promulgat,
1005 2511 1078 2568 “uti
1192 2548 1193 2551 =

188 2611 364 2678 quaereretur
387 2603 420 2660 in
443 2623 500 2676 eos,
524 2625 650 2681 quorum
669 2606 788 2664 consilio
811 2605 962 2682 «Iugurtha
982 2607 1079 2664 senati
1192 2618 1193 2663 l

188 2700 304 2758 decreta
320 2701 511 2777 neglegiesot5
532 2703 641 2779 quique
655 2703 693 2759 ab
709 2723 743 2760 eo
757 2703 790 2760 in
804 2702 1005 2778 legationibus,
1024 2711 1078 2761 aut

187 2796 318 2871 imperiis
334 2798 472 2873 pecunias
493 2800 685 2875 accepissent3
706 2800 758 2875 qui
773 2798 947 2875 elephantos,
967 2800 1078 2875 quique

188 2892 321 2968 perfugas
335 2893 523 2951 tradidissent
535 2916 542 2966 ;
560 2897 632 2953 item
646 2895 698 2971 qui
707 2895 743 2953 de
755 2915 833 2972 pace,
848 2902 901 2952 aut
913 2896 1077 2967 bellacum
1191 2920 1192 2923 ¹

188 2989 318 3048 hostibus
332 2991 481 3066 pactiones
496 2992 655 3051 feeissent.''
696 2993 779 3051 Huic
796 2994 950 3069 rogationi,
968 2994 1077 3069 partim
1190 3046 1191 3049 ,

188 3086 295 3144 conscii
308 3087 373 3158 sibi,
385 3087 435 3144 alii
448 3106 486 3144 ex
499 3089 627 3163 partium
640 3089 752 3146 invidia
764 3088 892 3164 pericula
903 3094 1077 3159 metuentes,

189 3182 326 3255 quoniam
338 3188 438 3258 aperte
450 3184 584 3242 resistere
597 3203 656 3241 non
670 3190 814 3260 poterant,
828 3184 901 3259 quin
913 3183 965 3240 illa
978 3189 1009 3241 et
1018 3183 1077 3262 alia
1189 3252 1190 3259 ἵ

84 3351 86 3355 y
188 3277 262 3334 talia
282 3280 393 3355 placere
416 3279 472 3337 sibi
495 3281 665 3352 faterentur,
693 3280 805 3338 occulte
828 3280 1018 3360 peramicos,
1042 3298 1076 3336 ac

190 3373 316 3431 maxime
328 3393 381 3451 per
393 3375 526 3433 homines
540 3375 666 3434 nominis
681 3375 782 3433 Latini
798 3380 828 3433 et
840 3375 931 3435 socios
947 3373 1076 3444 Italicos,
