2426 3790
195 240 231 299 38
391 234 613 296 SALLUSTH
636 233 661 288 J
665 233 719 290 UG
725 230 871 291 URTHA

192 393 300 450 civium
320 391 431 448 animes
456 393 585 448 intentus
612 390 744 465 putabat,
771 408 831 446 nou
858 389 939 464 prius
965 388 1075 447 bellum

192 489 350 563 adtingere,
367 478 463 562 quam,
486 487 629 560 majorum
646 485 806 560 disciplina,
822 485 929 542 milites
944 485 1076 542 laborare

192 584 335 660 cotgisset.
379 583 458 640 Nam
486 584 621 655 Albinus,
652 582 728 639 Auli
746 582 846 639 fratris
872 584 1075 658 exercitusque

188 680 272 737 clade
285 680 441 756 perculsus,
457 686 610 756 postquam
628 680 795 735 decreverat
812 697 871 734 non
893 678 991 754 egredi
1011 696 1076 753 pro

189 776 294 848 vincia,
316 783 460 851 quantum
480 775 618 850 temporis
638 776 804 831 astivorum
823 775 855 831 in
873 775 994 849 imperio
1007 774 1076 844 fuit,

189 871 360 947 plerumque
380 873 487 928 milites
506 871 622 928 stativis
639 871 742 927 castris
761 869 906 928 habebat:
930 871 989 927 nisi
1007 890 1074 928 cnm

188 967 267 1040 odos,
281 975 335 1026 aut
347 970 446 1044 pabuli
456 974 575 1042 egestae,
586 967 682 1023 locum
696 973 809 1022 mutare
822 967 981 1041 subegerat.
1017 966 1075 1023 Sed

190 1083 284 1140 neque
303 1066 512 1121 muniebantur
529 1083 573 1134 ea,
603 1080 697 1137 neque
722 1080 801 1118 more
825 1062 945 1118 militari
967 1063 1074 1137 vigiliae

190 1160 425 1217 deducebantur:
454 1160 500 1215 uti
524 1159 628 1234 cuique
647 1157 774 1226 lubebat,
795 1157 833 1213 ab
853 1157 943 1231 signis
962 1158 1071 1217 aberat

189 1256 271 1314 Lixse
284 1256 422 1332 permixti
436 1275 502 1311 cum
515 1254 658 1313 militibus
668 1255 716 1311 die
727 1259 873 1328 noctuque
881 1254 1071 1329 vagabantur,

189 1356 219 1407 et
231 1351 362 1426 palantes
379 1369 462 1426 agros
476 1355 596 1420 vastare,
620 1349 704 1406 villas
722 1367 895 1424 expugnare,
915 1349 1026 1424 peeoris
1040 1360 1073 1406 et

189 1447 397 1521 mancipiorum
416 1447 527 1522 praedas
547 1450 691 1503 certantes
710 1464 813 1521 agere:
841 1462 933 1520 eaque
956 1451 1072 1501 mutare

188 1562 253 1600 cum
273 1543 482 1600 mercatoribus
503 1543 570 1598 vino
598 1542 763 1612 advectitio,
792 1546 834 1617 et,
850 1541 915 1597 aliia
941 1540 1070 1613 talibus:

187 1645 335 1713 praeterea,
356 1639 535 1695 frumentum
555 1639 669 1713 publice
689 1639 789 1694 datum
810 1638 944 1706 vendere,
966 1655 1071 1712 panem

188 1738 219 1790 in
239 1735 301 1791 dies
320 1735 460 1794 mercari:
482 1739 626 1808 postremo
646 1752 833 1809 quacumque
853 1733 912 1789 dici
930 1739 983 1788 aut
999 1732 1071 1807 fingi

187 1835 300 1905 queunt
329 1830 452 1904 ignavia
478 1829 662 1904 luxuriaque
682 1830 794 1905 probra,
816 1829 919 1886 inille
939 1829 1071 1887 exercitu

186 1930 291 1982 cuncta
304 1925 392 1995 fuere,
408 1932 437 1982 et
450 1924 508 1980 alia
521 1925 651 1999 amplius.

204 2030 207 2035 '
246 2020 344 2081 XLV.
387 2021 444 2077 Sed
457 2021 489 2076 in
502 2040 535 2077 ea
545 2020 715 2077 difficultate
726 2019 880 2077 Metellum
890 2039 949 2077 non
960 2020 1069 2094 minus,

186 2137 274 2194 quam
288 2119 319 2174 in
333 2117 419 2173 rebus
431 2115 593 2187 hostilibus,
608 2135 745 2192 magnum
759 2124 789 2174 et
803 2119 962 2192 sapientem
973 2119 1070 2178 virum

186 2214 273 2270 luisse
291 2212 458 2287 comperior,
477 2216 562 2267 tanta
575 2213 767 2286 temperantia
785 2213 864 2270 inter
881 2217 1068 2274 ambitionem

186 2307 384 2382 saevitiamque
397 2307 585 2365 moderatum.
620 2306 755 2382 Namque
771 2309 864 2366 edicto
880 2312 1007 2384 primum
1020 2313 1070 2370 ad-

182 2404 318 2479 jumenta
335 2404 459 2480 ignavia
474 2402 634 2474 sustulisse,
661 2408 725 2460 “ue
744 2407 896 2480 quisquam
916 2407 947 2462 in
966 2408 1069 2465 eastris

185 2516 298 2572 panem,
315 2507 367 2554 aut
387 2517 474 2573 quem
489 2498 577 2554 alium
596 2504 709 2555 coctrrm
730 2502 825 2557 cibum
846 2503 1005 2576 venderet3
1030 2523 1070 2562 ne

185 2594 254 2650 lixa
267 2594 427 2649 exercitum
440 2599 647 2668 sequerentur,
667 2612 704 2651 ne
717 2596 801 2652 miles
808 2598 956 2671 gregarius
969 2598 1002 2656 in
1012 2619 1070 2658 eas-

185 2690 248 2758 tris,
263 2707 337 2744 neve
350 2689 381 2743 in
398 2689 512 2762 agmine
529 2706 647 2746 servum
663 2695 716 2746 aut
730 2691 897 2765 jumentum
910 2693 1033 2752 haberet
1044 2694 1068 2752 :²⁹

184 2783 288 2840 ceteris
315 2789 379 2838 arte
408 2783 525 2839 modum
553 2783 706 2842 statuisse:
739 2792 876 2859 praeterea
895 2789 1069 2847 transversis

186 2879 338 2936 itineribus
358 2879 488 2953 quotidie
507 2884 603 2936 castra
622 2897 758 2951 movere;
775 2881 871 2955 juxta,
885 2884 957 2940 acsi
971 2884 1069 2942 hostes

186 2975 326 3045 adessent,
356 2973 434 3030 vallo
463 2979 552 3050 atque
579 2975 654 3030 fossa
675 2977 800 3049 munire,
821 2977 935 3051 vigilias
955 2979 1069 3039 crebras

185 3088 299 3145 ponere,
315 3076 345 3127 et
359 3071 420 3145 ipse
433 3089 500 3127 cum
513 3071 616 3146 legatis
629 3072 799 3130 circumire:
820 3073 892 3129 item
907 3073 940 3129 in
953 3076 1069 3149 agmine

185 3165 217 3221 in
236 3166 341 3241 primis
359 3167 452 3238 modo,
474 3168 559 3224 modo
582 3169 615 3223 in
635 3168 795 3242 postremis,
826 3187 901 3242 saepe
920 3171 952 3226 in
971 3170 1068 3229 medio

186 3259 291 3331 edesse,
306 3280 344 3319 ne
357 3264 511 3339 quisquam
524 3263 625 3319 ordine
638 3264 829 3338 egrederetur,
840 3265 886 3321 uti
898 3284 964 3322 cum
978 3268 1068 3342 signis

186 3354 351 3428 frequentes
368 3360 543 3433 incederent,
564 3357 648 3415 miles
665 3358 762 3416 cibum
779 3366 810 3416 et
830 3378 910 3416 arma
927 3365 1065 3434 portaret
