2426 3790
198 251 237 309 tl
401 247 623 309 solinum]
645 248 671 306 J
675 248 879 309 UGUBTHA.

196 402 229 458 in
243 401 324 472 mari,
339 402 472 460 retinere
514 401 594 459 Nam
607 402 667 473 ubi,
683 420 736 478 per
748 402 810 461 loos
823 403 946 480 aequalia
959 411 989 462 et
1002 405 1084 463 nuda

195 498 386 576 gignentium,
403 506 508 556 ventus
521 504 636 556 coortus
649 517 765 557 arenam
779 499 869 557 humo
879 501 1029 575 excitavit,
1038 521 1084 572 eu,

196 614 302 671 magns
322 594 352 650 vi
372 596 490 670 agitata,
513 614 564 652 oro
587 595 743 672 oculosque
766 596 889 672 implere
916 597 1008 669 solet3
1038 598 1086 654 its

195 699 350 767 prospectu
363 691 502 767 impedito
515 692 622 747 morari
635 691 698 749 iter.
734 692 894 768 Postquam
905 693 1086 769 Cyrenenses
1201 704 1203 709 '

195 789 346 865 aliquanto
365 790 536 863 posteriores
552 806 584 845 se
600 788 713 859 vident,
726 794 757 845 et
776 790 814 845 ob
833 807 896 845 rem
915 799 1084 865 corruptam

197 885 275 942 domi
288 904 387 961 poenas
405 890 550 958 metuunt,
569 885 725 957 criminari,
741 885 994 961 Carthaginienses
1012 892 1085 943 ante

196 989 312 1057 tempus
326 981 410 1038 domo
430 981 579 1057 digressos,
594 982 768 1039 conturbare
787 1001 863 1040 rem:
882 983 1006 1058 denique
1019 1001 1084 1038 om·

196 1076 246 1131 nia
273 1074 366 1146 malle,
388 1095 477 1151 quam
496 1077 567 1133 vieti
587 1077 675 1134 abire.
715 1076 783 1148 Sed,
804 1096 870 1134 oum
890 1077 974 1135 Poeni
994 1078 1084 1136 slisrn

196 1168 399 1243 conditionem,
427 1173 629 1229 tantummodo
660 1191 782 1248 aequam,
816 1179 956 1250 peterent,
985 1172 1083 1230 Greci

197 1267 344 1341 optionem
368 1267 655 1342 Carthaginiensibus
677 1269 798 1341 faciunt,
820 1268 895 1326 “vel
924 1269 978 1341 illi,
1008 1288 1084 1346 quos

196 1361 268 1418 fines
287 1361 465 1440 populosus
485 1368 627 1439 peterent,
649 1363 692 1420 ibi
711 1365 774 1421 vivi
793 1365 1004 1437 obruerentur3
1033 1365 1083 1421 vel

196 1460 297 1517 eedem
320 1460 485 1517 conditione
508 1479 576 1532 sese,
601 1479 688 1536 quem
709 1461 742 1518 in
759 1462 856 1519 loeum
876 1462 994 1531 vellent,
1015 1480 1082 1538 pro·

179 1538 348 1614 'cessuros''
390 1555 521 1626 Philaeni,
540 1556 704 1614 conditione
723 1558 853 1632 probata,
873 1575 960 1632 seque
978 1556 1082 1612 vitem-

195 1671 253 1728 que
266 1651 430 1726 reipublice
444 1651 656 1709 oondonarere:
675 1652 724 1709 rita
735 1652 797 1708 vivi
811 1637 916 1710 obruti.
958 1649 1083 1708 Oarthn-

196 1743 339 1825 ginienses
352 1748 384 1804 in
398 1766 432 1805 eo
449 1748 512 1805 looo
532 1747 672 1805 Philaenis
691 1749 831 1805 fratribus
850 1766 915 1804 aras
934 1765 1081 1804 eonsecra-

197 1862 264 1900 vere
274 1862 283 1914 3
305 1843 412 1919 aliique
435 1842 495 1900 illis
514 1842 594 1900 domi
614 1842 738 1900 honores
758 1842 897 1899 instituti.
939 1840 1030 1898 Nune
1042 1841 1082 1896 ad

196 1961 259 2001 rem
270 1942 364 2002 redeo.

255 2037 387 2096 LXXX.
428 2037 451 2096 J
451 2036 579 2113 ugurtha
591 2042 754 2113 postquam,
769 2037 874 2093 amissa
890 2035 990 2108 Thala,
1004 2034 1082 2093 nihil

196 2135 267 2196 satis
286 2135 403 2192 firmum
422 2140 523 2191 eontra
543 2133 696 2191 Metellum
710 2138 803 2209 putat,
818 2152 870 2209 per
882 2152 1001 2208 magnas
1013 2133 1082 2190 soli·

197 2231 313 2289 tudines
332 2250 399 2288 oum
419 2230 517 2307 paneis
540 2230 694 2305 profectus,
717 2231 851 2306 pervenit
876 2230 914 2287 ad
940 2230 1079 2300 Gaetulos,

196 2347 286 2404 genus
306 2328 456 2385 hominum
481 2328 577 2386 ferum
603 2326 813 2404 incultumque,
835 2334 866 2384 et
885 2346 920 2384 eo
946 2332 1077 2403 tempore

195 2426 331 2499 ignarum
350 2425 477 2482 nominis
497 2425 631 2482 Romani.
675 2424 786 2481 Eorum
805 2423 1026 2481 multitudinem
1046 2426 1079 2480 in

196 2541 288 2579 unum
302 2523 398 2597 oogit:
420 2541 453 2579 ae
473 2523 625 2598 paullatim
642 2521 818 2580 consuefacit
830 2521 945 2579 ordines
963 2522 1080 2592 habere,

196 2618 278 2694 signs
297 2619 387 2693 sequi,
407 2620 562 2695 imperium
589 2619 748 2689 observare,
772 2620 843 2676 item
862 2618 921 2675 alia
939 2618 1081 2675 militaria

195 2714 296 2771 faeere
339 2713 484 2772 Praeterea
502 2715 578 2791 regis
590 2697 705 2771 ¹Booohi
724 2713 874 2791 proximus
889 2712 1003 2788 magnis
1016 2731 1080 2769 mu-

194 2809 321 2881 neribus,
344 2816 374 2866 et
392 2810 550 2885 majoribus
569 2811 724 2887 promissis,
743 2810 780 2867 ad
801 2810 931 2867 studium
950 2808 996 2864 sui
1016 2826 1081 2883 per-

195 2907 291 2979 duoit3
310 2908 393 2982 queis
406 2909 587 2984 adjutoribus
599 2927 696 2984 regem
710 2908 868 2983 adgressus,
883 2905 1017 2982 impellit,
1033 2909 1079 2962 nti

195 3003 348 3061 adversum
371 3003 519 3060 Romanos
542 3003 651 3060 bellum
678 3002 822 3079 suscipiat
865 3001 902 3058 Id
926 3021 961 3058 es
981 3001 1080 3076 gretie

194 3100 307 3157 facilius
323 3100 500 3176 proniusque
518 3099 584 3171 fuit,
598 3099 675 3176 quod
695 3099 836 3182 Bocchus,
850 3098 936 3155 initio
956 3095 1078 3172 hujusne

195 3195 272 3268 belli,
296 3196 405 3270 legatos
432 3195 556 3253 Romam
582 3197 709 3263 miserat,
736 3195 829 3251 foedus
856 3199 887 3250 et
915 3192 1078 3250 amicitiem

157 3374 163 3389 ,
195 3292 335 3364 PffilumJ
362 3312 451 3369 quam
472 3313 541 3367 rem,
564 3298 836 3374 opportunissimam
856 3298 970 3372 incepto
988 3294 1075 3365 bello,

195 3388 279 3460 pauni
298 3390 519 3465 impediverant,
528 3395 594 3450 oaeoi
607 3395 737 3465 avaritia,
749 3392 831 3469 queis
844 3392 942 3449 omnia
953 3390 1075 3448 honesta
