2426 3790
200 251 239 308 44
404 245 506 307 snut
514 243 630 303 USI’II
654 241 680 299 J
684 239 891 301 vebum.

259 404 331 463 LII.
374 403 417 460 Eo
433 402 524 459 modo
543 400 623 458 inter
642 417 673 455 se
693 398 750 457 duo
770 398 967 473 imperatores,
986 394 1098 453 summi

199 501 266 572 riri,
281 499 451 571 oertabunt;
470 497 528 573 ipsi
540 515 632 572 pares,
646 500 776 553 ceterum
796 493 900 569 opibus
920 491 1094 567 disparibus

200 600 281 657 Nam
308 597 432 656 Metello
458 598 554 654 virtus
580 597 710 654 militum
737 601 808 667 erat,
830 594 911 652 loeus
936 594 1095 652 adversm:

199 695 358 773 Iugurthae
376 693 434 750 alia
449 692 555 763 omnia,
570 698 678 768 praeter
689 691 807 758 milites,
821 695 993 766 opportuna.
1036 689 1097 746 De-

200 792 290 868 nique
311 787 447 860 Romani,
465 789 519 846 ubi
537 787 718 863 intelligunt,
738 806 834 863 neque
852 787 909 844 sibi
929 786 1096 863 perfugium

200 909 270 960 asae,
291 905 387 963 neque
407 888 445 944 ab
468 886 552 943 hoste
574 886 688 962 eopiam
711 882 862 961 pugnandi
884 882 956 954 fieri,
977 887 1009 939 et
1030 882 1096 957 jam

201 985 249 1042 die
259 1003 361 1060 vesper
375 988 456 1056 erat;
471 982 592 1039 adverso
606 980 686 1052 oolla,
698 980 785 1037 sicuti
798 988 976 1055 praereptum
988 978 1095 1048 fuerat,

201 1078 339 1135 evadunt]
373 1077 494 1135 Amisso
507 1076 579 1148 loeo,
594 1076 734 1133 Numida
746 1075 805 1131 fusi
818 1074 988 1151 fugatique:
1009 1076 1097 1152 pauci

202 1174 358 1245 interiere;
377 1174 530 1249 plerosque
543 1175 682 1232 velocitas
696 1178 727 1230 et
744 1173 823 1248 regio
841 1172 975 1230 hostibus
993 1172 1097 1247 ignara

203 1276 300 1328 tutata
323 1276 400 1328 sunt.
443 1270 563 1327 Interea
587 1269 741 1339 Bomilcar,
766 1287 855 1345 quem
879 1268 1043 1345 elephantis
1066 1275 1098 1327 et

203 1365 280 1442 parti
306 1366 457 1441 copiarum
482 1366 660 1442 pedestrium
688 1365 858 1441 praefectum
885 1366 923 1422 ab
944 1365 1098 1442 «Iugurtha

202 1480 291 1538 supra
314 1460 450 1533 diximus,
472 1462 525 1519 ubi
547 1480 616 1518 eum
639 1460 773 1518 Rutilius
799 1467 1019 1538 praetergressus
1042 1466 1095 1531 est,

203 1559 356 1632 paullatim
380 1577 446 1614 suos
470 1559 501 1614 in
528 1576 644 1633 oequum
671 1558 768 1615 locum
795 1558 931 1629 deducit3
958 1576 1000 1629 aa,
1024 1555 1097 1612 dum

204 1655 317 1729 legatus
326 1653 364 1708 ad
373 1653 491 1723 flumen,
500 1672 559 1728 quo
572 1653 739 1729 premissus
752 1660 823 1724 erat,
834 1653 976 1710 festinans
990 1651 1094 1728 pergit,

204 1750 330 1827 quietus,
345 1749 391 1806 uti
410 1767 457 1806 res
476 1749 653 1825 postulabat,
668 1749 758 1806 aciem
776 1756 918 1807 exornat:
939 1767 1035 1824 neque
1054 1766 1099 1805 re·

204 1846 307 1915 mittit,
320 1846 392 1920 quid
405 1845 515 1921 ubique
528 1843 619 1902 hostis
632 1851 738 1921 ageret,
751 1845 908 1921 explorare.
938 1845 1098 1921 Postquam

207 1939 355 1996 Rutilium
376 1941 538 1997 consedisse
557 1940 628 2015 jam,
651 1947 682 1997 et
702 1942 800 1997 auimo
820 1960 955 2013 vacuum,
976 1941 1097 2017 aceepit,

205 2037 350 2113 simulque
361 2055 399 2092 ex
407 2036 564 2112 Iugurthae
574 2037 673 2113 praelio
683 2038 838 2095 clamorem
848 2039 963 2113 augeri;
977 2039 1098 2108 veritus,

193 2151 244 2190 ,na
264 2133 384 2210 legatus,
400 2132 518 2207 cognita
538 2151 576 2204 re,
593 2132 793 2189 laborantibus
811 2133 871 2190 suis
888 2133 1000 2190 auxilio
1013 2133 1098 2203 foret,

206 2229 307 2300 aciem,
321 2246 420 2304 quam,
435 2228 568 2285 diffidens
580 2229 687 2286 virtuti
701 2229 839 2300 militum,
854 2235 933 2286 arete
947 2234 1099 2300 statuerat,

207 2345 266 2401 quo
289 2325 419 2382 hostium
443 2325 544 2382 itineri
565 2325 709 2396 obficeret,
731 2326 820 2384 latius
840 2325 984 2403 porrigit5
1008 2345 1101 2403 eoque

209 2420 346 2476 modoad
361 2419 470 2476 Rutilii
486 2425 580 2476 eastra
593 2421 730 2495 prooedit.
752 2485 757 2496 ⁸

269 2514 360 2573 LIII.
402 2515 528 2573 Romani
539 2537 576 2574 ex
586 2519 745 2593 improviso
754 2518 883 2594 pulveris
892 2519 955 2575 vim
965 2537 1101 2593 magnam

209 2609 456 2678 animadvertunt,
470 2630 540 2668 nam
555 2619 738 2688 prospectum
753 2632 822 2689 ager
834 2613 960 2671 arbustis
973 2614 1103 2672 consitus

209 2708 390 2785 prohibebat.
434 2707 475 2764 Et
494 2707 589 2783 primo
609 2710 667 2766 rati
680 2709 803 2766 humum
816 2710 927 2766 aridam
941 2716 1032 2768 rento
1045 2710 1104 2787 agi-

209 2805 288 2864 tari:
305 2811 372 2881 post
382 2804 433 2861 ubi
447 2804 619 2879 aequabilem
634 2824 757 2877 manere,
770 2811 808 2878 et,
820 2806 907 2863 sieuti
920 2806 995 2864 acies
1007 2825 1105 2864 more-

210 2901 306 2969 batur,
326 2902 419 2975 magis
439 2900 589 2975 magisque
609 2900 844 2977 adpropinquare
862 2901 972 2973 vident,
987 2903 1106 2977 oognita
1145 2921 1148 2925 ’

211 3016 252 3068 re,
274 3002 463 3072 properantes
489 3015 570 3052 arma
597 2998 725 3072 rapiunt,
749 3017 782 3054 ac
808 3017 861 3073 pro
884 2997 994 3069 eastris,
1016 2997 1106 3055 aienti

210 3093 418 3170 imperabatur,
431 3091 602 3150 consistunt.
639 3092 763 3163 Deinde,
774 3094 828 3151 ubi
840 3094 960 3169 propius
972 3098 1104 3166 ventum,

211 3188 362 3262 utrimque
381 3204 487 3261 magno
506 3185 631 3244 elamore
651 3189 842 3249 concurritur.
885 3189 1023 3247 Numida
1041 3195 1107 3247 tan·

212 3282 364 3341 tummodo
375 3282 521 3352 remorati,
532 3282 602 3340 durn
612 3282 643 3340 in
655 3283 817 3360 elephantis
827 3285 969 3342 auxilium
981 3290 1106 3361 putant;
1194 3344 1199 3353 .

213 3383 369 3454 postquam
390 3396 439 3434 eos
455 3376 612 3453 impeditos
629 3379 719 3436 ramis
732 3380 876 3450 arborum,
890 3385 980 3455 atqua
992 3379 1036 3436 ita
1049 3379 1108 3437 dis-
