2426 3790
184 274 223 333 el
387 272 609 334 senadern
631 273 658 332 J
660 272 869 334 UGURTHA.

87 476 90 483 .
183 430 340 489 habuisset.
383 431 452 488 Nisi
469 437 565 488 tamen
589 430 778 506 respublica,
802 430 913 504 pariter
930 447 963 486 ae
979 428 1076 485 saevis⁴

184 528 257 583 simo
271 526 400 602 imperio,
415 527 489 583 bene
503 532 591 602 atque
605 525 706 583 decore
719 532 807 601 gesta.

245 622 294 679 01.
337 621 436 697 Igitur
463 628 568 698 quarto
598 622 724 697 denique
751 621 806 691 die,
832 619 912 677 haud
931 620 1016 695 longe
1035 619 1075 675 ab

184 719 291 794 oppido
318 716 408 790 Oirta,
442 719 572 794 undique
604 719 691 776 simul
715 717 908 793 speculatores
934 716 986 773 citi
1012 735 1074 772 sese

184 809 360 870 ostendunt:
389 833 448 890 qua
474 834 506 871 re
529 814 626 871 hostes
652 814 750 872 adesse
776 813 959 887 intelligitur.
1006 811 1072 882 Sed,

183 912 254 987 quia
272 910 379 968 diversi
402 912 565 982 redeuntes,
584 912 659 969 alius
676 912 713 969 ab
731 912 789 968 alia
801 922 893 986 parte,
914 917 1001 986 atque
1014 929 1075 965 om-

183 1026 234 1063 nes
247 1007 325 1064 idem
338 1007 558 1083 significabant3
579 1008 690 1080 consul,
703 1009 833 1066 incertus
846 1026 972 1084 quonam
986 1007 1074 1062 modo

184 1103 276 1159 aciem
295 1104 462 1175 instrueret,
483 1103 565 1160 nullo
586 1104 687 1161 ordine
707 1110 892 1174 commutato,
918 1102 1074 1159 adversum

184 1198 281 1254 omnia
307 1206 433 1275 paratus,
460 1200 569 1257 ibidem
600 1201 758 1276 opperitur.
809 1200 858 1255 Ita
892 1198 1074 1274 Jugurthum

184 1312 248 1368 spes
261 1294 409 1365 frustrata,
419 1296 576 1371 quicopias
585 1296 618 1352 in
628 1301 754 1371 quatuor
762 1303 860 1371 partes
874 1295 1071 1362 distribuerat,

116 1382 118 1388 ⁸
183 1394 265 1447 ratus
284 1410 322 1448 ex
343 1392 478 1447 omnibus
493 1411 575 1467 aeque
593 1391 704 1467 aliquos
717 1393 754 1449 ab
765 1399 846 1467 tergo
860 1392 991 1448 hostibus
1005 1409 1075 1446 ven-

184 1492 275 1545 turos.
311 1486 436 1543 Interim
451 1486 540 1557 Sulla,
554 1506 640 1562 quem
650 1487 778 1562 primum
788 1488 886 1545 hostes
896 1487 1072 1561 adtigerant,

184 1581 351 1639 cohortatus
367 1601 443 1655 suos,
462 1584 615 1639 turmatim
636 1591 666 1640 et
685 1603 772 1659 quam
789 1584 916 1640 maxime
935 1582 1074 1639 confertis

183 1677 273 1752 equis,
297 1677 359 1752 ipse
381 1677 489 1753 aliique
512 1678 632 1735 Mauros
651 1678 815 1735 invadunt:
844 1678 934 1734 ceteri
953 1678 986 1734 in
1009 1678 1073 1736 loco

183 1779 334 1830 manentes
350 1773 387 1831 ab
403 1774 508 1848 jaculis
524 1775 637 1831 eminus
651 1774 762 1832 emissis
776 1792 894 1849 corpora
909 1779 1012 1849 tegere,
1032 1781 1071 1846 et,

183 1870 208 1926 si
222 1869 319 1945 quiin
331 1887 435 1925 manus
449 1875 596 1940 venerant,
612 1870 795 1926 obtrrmcare.
836 1868 916 1924 Dum
935 1888 968 1925 eo
986 1871 1073 1926 modo

183 1965 297 2041 equites
310 1965 486 2040 praeliantur,
500 1965 630 2022 Bocchus
639 1986 705 2023 cum
715 1966 869 2041 peditibus,
879 1985 952 2041 quos
962 1965 1071 2036 Velm,

183 2061 261 2118 filius
275 2061 345 2136 ejus,
361 2060 531 2132 adduxerat,
544 2080 638 2136 neque
651 2062 683 2118 in
697 2063 792 2137 priore
800 2081 906 2137 pugna,
921 2061 954 2116 in
966 2061 1073 2117 itinere

183 2160 296 2231 morati,
311 2158 472 2228 adfuerant,
487 2164 661 2233 postremam
676 2158 874 2214 Romanorum
887 2158 978 2213 aciem
992 2157 1074 2213 inva—

184 2255 267 2314 dunt.
309 2254 385 2310 Tum
411 2253 524 2310 Marius
550 2255 628 2328 apud
651 2254 759 2330 primos
783 2253 903 2328 agebam
931 2252 1073 2328 quodibi

184 2351 206 2408 J
208 2350 335 2425 ugurtha
348 2369 414 2407 oum
433 2350 567 2426 plurimis
584 2358 653 2409 erat.
696 2349 784 2407 Dein¹
797 2349 935 2420 Numida,
956 2350 1073 2424 cognito

185 2447 292 2504 Bocchi
305 2447 441 2516 adventu,
456 2449 535 2523 clam⁴
544 2467 609 2507 cum
623 2448 723 2522 paucis
731 2447 769 2504 ad
782 2447 893 2522 pedites
906 2446 1071 2503 convertit:

184 2542 227 2598 ibi
239 2542 345 2600 Latine
359 2544 439 2620 (nam
452 2544 530 2618 apud
544 2543 737 2600 Numantiam
756 2543 838 2618 loqui
851 2539 1003 2618 didicerat)
1021 2561 1071 2597 ex-

184 2638 310 2695 clamat:
334 2643 351 2671 “
360 2646 472 2695 nostros
480 2639 588 2695 frustra
597 2657 727 2714 pugnare
734 2661 742 2711 3
757 2639 854 2714 paullo
865 2645 934 2695 ante
942 2639 1073 2694 Marium

184 2754 237 2791 sua
249 2753 338 2790 manu
351 2733 537 2792 interfectum
548 2737 570 2806 ;''
592 2735 679 2791 simul
695 2735 825 2810 gladium
842 2735 983 2809 sanguino
1001 2735 1074 2791 obli-

185 2842 249 2889 tum
270 2831 429 2903 ostendere,
454 2850 541 2906 quem
564 2831 722 2907 inpugna,
744 2831 814 2887 satis
833 2831 956 2906 impigre
979 2832 1073 2888 occiso

184 2930 281 3005 pedite
301 2933 409 2996 nostro,
432 2933 641 2985 cruentaverat.
685 2927 769 2995 Quod
790 2927 842 2983 ubi
861 2928 970 2983 milites
996 2948 1072 2985 acce

184 3044 259 3099 pere,
274 3025 366 3099 magis
379 3023 533 3079 atrocitate
545 3025 596 3093 rei,
612 3042 699 3098 quam
709 3023 765 3079 fide
779 3025 887 3093 nuncii,
903 3030 1071 3080 terrentur:

184 3119 328 3196 simulque
342 3119 459 3175 barbari
473 3118 585 3175 animos
597 3119 705 3190 tollere,
718 3123 748 3174 et
761 3118 793 3173 in
806 3118 952 3193 perculsos
966 3117 1073 3175 Roma-

184 3232 236 3270 nos
250 3215 343 3271 acrius
356 3214 496 3273 incedere.
532 3214 552 3270 J
554 3233 658 3289 amque
669 3213 800 3289 paullum
814 3214 851 3269 ab
860 3213 927 3288 fuga
941 3213 1070 3279 aberant,

185 3326 251 3364 cum
269 3308 358 3381 Sulla,
374 3310 540 3387 profligatis,
557 3328 629 3386 quos
642 3310 794 3366 adversum
808 3311 891 3380 ierat,
907 3308 1020 3364 Mauris
1033 3309 1072 3363 ab

185 3402 275 3462 latere
295 3404 427 3464 incurrit.
480 3407 612 3465 Bocchus
632 3408 732 3464 statim
751 3408 901 3466 avertitur.
947 3405 993 3461 At
1016 3404 1038 3462 J
1041 3424 1071 3461 u-
