2426 3790
343 268 566 329 srrrusrrr
587 268 831 335 Juacnrnr„
924 233 929 241 ’
985 274 1022 333 13

130 429 221 488 suntl
243 448 281 485 an
298 447 446 504 qucquam
460 427 533 484 mihi
549 427 630 484 adire
641 427 723 498 licet,
737 427 790 484 ubi
805 447 864 485 non
880 429 1023 504 majorum

130 545 265 584 meorum
284 523 403 581 hostilia
422 528 611 579 monumenta
629 522 756 599 plurima
773 523 848 580 sinti
872 530 925 581 aut
945 525 1023 599 quis-

51 622 55 628 ’
130 639 222 696 quem
234 619 327 676 nostri
341 619 470 675 misereri
484 624 588 692 potest,
600 619 651 694 qui
665 618 821 693 aliqnando
834 619 916 676 vobis
929 620 1023 677 hostis

129 717 206 773 fuiti
236 715 395 786 Postremo,
407 714 562 771 Masinissa
575 733 627 771 nos
639 714 683 770 ita
695 714 833 786 instituit,
845 714 947 772 Patres
957 735 1023 773 con-

129 812 242 888 scripti,
261 829 403 887 nequem
423 810 588 881 coleremus
607 811 665 866 nisi
685 811 824 887 populum
843 811 1019 885 Romanum,

129 928 170 965 ne
190 909 348 977 societates
373 925 411 963 ne
436 907 545 963 fcedera
570 925 647 962 nova
666 907 878 982 acciperemus:
905 910 1021 967 abunde

129 1024 236 1081 magna
248 1003 383 1080 praesidia
398 1003 481 1060 nobis
498 1003 531 1059 in
549 1008 646 1058 vestra
663 1003 793 1060 amicitia
810 1003 892 1061 fore:
913 1005 1020 1063 sihuic

129 1101 254 1176 imario
267 1100 387 1156 fortuna
400 1092 574 1169 mutaretur,
584 1117 644 1155 una
656 1097 741 1154 nobis
752 1099 940 1157 occidendum
950 1120 1017 1160 esse.

129 1196 255 1254 Virtute
279 1214 312 1252 ac
337 1195 381 1251 dis
404 1194 569 1250 volentibus
592 1193 692 1269 magni
715 1194 784 1252 estis
811 1202 841 1252 et
868 1197 1019 1271 opulenti:

128 1293 228 1350 omnia
246 1290 372 1349 secunde
390 1294 420 1346 et
436 1289 601 1345 obedientia
619 1295 707 1345 sunt:
728 1308 785 1364 quo
801 1289 915 1347 facilius
932 1292 1020 1349 socic-

127 1398 194 1445 rum
215 1387 338 1463 injurias
361 1403 461 1442 curare
485 1384 561 1442 licet.
605 1383 733 1440 Tantum
753 1383 828 1440 illud
849 1404 959 1456 vereor,
980 1406 1019 1444 ne

128 1502 200 1559 quos
214 1483 330 1558 privata
346 1480 475 1536 amicitia
491 1479 512 1537 J
513 1479 655 1554 ugurtha,
669 1498 774 1556 parum
790 1480 914 1556 cognita,
926 1487 1019 1539 trans·

127 1598 225 1637 verses
240 1584 325 1654 agat:
347 1596 419 1653 qnos
435 1595 488 1652 ego
504 1577 591 1632 audio
609 1575 737 1632 maxima
751 1595 805 1652 ope
819 1577 883 1649 niti,
898 1578 1017 1651 ambire,

127 1675 250 1751 fatigare
273 1692 324 1729 vos
346 1671 481 1746 singulos,
501 1690 539 1728 ne
563 1671 633 1745 quid
657 1671 694 1728 de
717 1671 844 1742 absente,
869 1672 1018 1749 incognita

127 1789 233 1841 carnea,
257 1768 412 1826 statuatis:
430 1766 538 1842 fingere
557 1785 605 1823 me
627 1767 725 1837 verba,
749 1767 848 1842 fugam
872 1769 1015 1841 simulare,

126 1866 175 1923 cui
197 1864 314 1922 licuerit
337 1862 369 1918 in
392 1880 481 1936 regno
507 1880 630 1918 manere.
674 1859 759 1929 Quod
783 1862 898 1919 utinam
921 1864 1014 1938 illum,

126 1962 208 2039 cujus
226 1962 316 2036 impio
338 1959 464 2015 facinore
487 1959 520 2014 in
543 1958 595 2014 has
618 1958 747 2015 miserias
771 1960 917 2035 projectus
941 1981 1014 2035 sum,

127 2059 227 2119 eadem
240 2058 302 2114 haec
316 2057 504 2113 simulantem
513 2055 627 2112 videam
634 2074 643 2126 3
660 2061 691 2113 et
703 2055 860 2132 aliqnando
872 2064 925 2115 aut
938 2060 1016 2135 apud

126 2173 185 2227 vos,
210 2159 262 2212 aut
283 2153 361 2229 apud
387 2152 454 2208 deos
481 2151 666 2224 immortales,
694 2170 793 2208 rerum
820 2152 1015 2212 humanarum

127 2268 196 2307 cura
216 2249 345 2307 oriatur:
365 2266 419 2318 nee,
438 2247 496 2316 ille,
515 2247 566 2322 qui
582 2266 661 2304 nunc
677 2248 832 2305 sceleribus
853 2249 912 2306 suis
932 2250 1015 2308 ferox

126 2353 213 2422 atque
226 2346 379 2422 praeclarus
392 2350 444 2416 est,
460 2344 594 2399 omnibus
610 2344 694 2400 malis
706 2345 896 2416 excruciatus
915 2346 1013 2422 impie·

125 2443 195 2500 tatis
207 2443 240 2499 in
253 2448 403 2517 parentem
419 2446 560 2512 nostrum,
578 2440 677 2496 fratris
692 2440 751 2497 mei
766 2442 852 2513 necis,
871 2461 1015 2501 mearum·

125 2557 181 2615 qne
194 2539 383 2608 miseriarum,
395 2555 499 2612 graves
508 2556 607 2612 poenas
620 2537 728 2593 reddet.
755 2536 777 2594 J
778 2555 825 2593 am
829 2538 900 2612 jam,
912 2540 1011 2611 freter,

125 2635 221 2692 animo
245 2653 309 2691 meo
334 2634 487 2704 carissime,
512 2652 689 2709 quamquam
712 2632 768 2689 tibi
791 2634 965 2707 immature,
983 2643 1014 2694 et

125 2731 201 2789 unde
216 2731 336 2788 minime
353 2730 458 2800 decuit,
476 2729 539 2786 vite
555 2735 656 2805 erepta
671 2736 724 2800 est,
740 2734 840 2788 tamen
852 2731 1013 2789 laetandum

125 2827 222 2902 magis,
242 2845 331 2903 quam
349 2825 513 2895 dolendum,
531 2832 604 2901 puto
622 2845 721 2882 casum
736 2832 838 2899 tuum3
860 2847 920 2885 non
933 2830 1013 2886 enim

124 2943 252 3000 regnum,
268 2922 319 2980 sed
332 2922 440 2998 fugam,
454 2922 583 2994 exilium,
603 2929 769 2998 egestatem,
788 2929 819 2981 et
835 2944 934 2981 omnes
949 2925 1011 2999 has,

124 3041 186 3097 quae
200 3040 247 3077 me
260 3026 406 3095 premunt,
421 3037 572 3092 aerumnas,
587 3039 653 3076 cum
667 3020 765 3077 anima
778 3021 866 3077 simul
880 3022 1009 3080 amisisti
1082 3064 1084 3075 .

124 3117 168 3175 At
188 3135 240 3193 ego
260 3115 372 3186 infelix,
392 3116 425 3171 in
445 3121 529 3172 tanta
551 3115 627 3172 mals
647 3117 845 3193 praecipitatus
862 3137 899 3175 ex
916 3119 1011 3193 patrio

124 3232 334 3291 regno,re1um
352 3213 546 3270 humanarum
563 3213 759 3291 spectaculum
778 3214 900 3289 praebeo,
920 3215 1014 3283 incer-¹

124 3315 169 3367 tus
187 3310 259 3386 quid
275 3326 360 3385 agam
366 3330 376 3382 ;
392 3315 497 3367 tuasne
513 3310 635 3385 injurias
650 3327 813 3385 persequar,
828 3308 890 3384 ipse
906 3311 1011 3370 auxilii

124 3425 215 3482 egens,
230 3425 269 3462 an
282 3425 372 3482 regno
386 3406 542 3477 consulam,
557 3406 639 3482 cnjus
652 3406 721 3463 vitae
735 3404 871 3481 necisque
881 3413 1010 3482 potestas
