2426 3790
215 247 252 306 ti
412 244 642 306 sinuosius
665 243 692 301 J
695 242 899 303 UGURTHA.

211 400 371 478 oppidanos
390 398 490 477 praelio
510 402 648 471 intentos,
664 401 751 459 simul
765 400 904 476 oppidum
924 404 955 455 et
968 400 1107 476 operibus

212 504 245 554 et
257 496 320 571 loco
335 498 490 569 munitum,
505 499 595 569 videt,
610 498 688 555 vallo
701 499 833 574 fossaque
843 497 960 557 :moenit
980 498 1107 555 circum-

214 596 303 653 venit.
347 595 461 651 Deinde
475 595 544 652 locis
564 615 602 652 ex
623 594 706 671 copia
726 595 854 677 maxime
873 594 985 651 idoneis
1003 594 1107 651 vineas

212 709 306 766 agere,
336 710 470 766 aggerem
492 691 598 766 jacere,
627 697 657 747 et
684 710 771 766 super
796 708 931 765 aggerem
957 689 1106 765 impositis

212 789 343 844 turribus
358 807 429 863 opus
442 806 472 845 et
485 789 672 845 administros
686 788 784 846 tutari.
823 787 934 844 Contra
947 787 1009 843 haec
1023 787 1106 862 oppi·
1201 840 1202 875 ἢ

213 883 283 939 dani
298 883 444 956 festinare,
458 903 574 960 parare:
595 904 714 960 prorsus
734 885 771 941 ab
791 884 924 960 utrisque
943 883 1021 940 nihil
1034 885 1103 940 reli·
1201 886 1202 955 1

213 997 305 1053 quum
339 979 409 1038 fieri.
452 979 587 1056 Denique
613 978 758 1052 Romani,
787 979 881 1036 multo
908 985 977 1036 ante
1004 978 1107 1036 labore

212 1073 378 1150 praeliisque
403 1076 528 1151 fatigati,
554 1083 620 1152 post
644 1077 705 1133 dies
728 1076 931 1152 quadraginta,
959 1094 1049 1150 quam
1070 1095 1106 1132 eo

212 1176 334 1227 ventum
352 1177 423 1244 erat,
447 1174 553 1248 oppido
577 1173 664 1230 modo
688 1174 794 1248 potiti:
825 1173 923 1247 praeda
943 1174 1038 1229 omnis
1066 1175 1106 1229 ab

211 1267 340 1342 perfugis
368 1277 511 1344 corrupta.
564 1267 592 1324 Ii
627 1274 781 1344 postquam
813 1287 931 1324 murum
960 1269 1106 1326 arietibus

211 1362 300 1434 feriri,
318 1382 422 1440 resque
442 1383 509 1420 suas
528 1364 667 1435 adflictas,
690 1365 801 1435 vident,
822 1383 927 1421 aurum
948 1369 1037 1440 atque
1058 1384 1106 1421 ar-

211 1466 340 1534 gentum,
355 1469 386 1516 et
405 1460 471 1531 alia,
487 1480 551 1536 quae
571 1461 667 1535 prima
681 1461 838 1531 ducuntur,
854 1461 973 1517 domurn
991 1462 1104 1536 regiam

211 1562 410 1632 comportant:
437 1557 488 1629 ibi,
516 1559 586 1613 vino
610 1565 640 1614 et
668 1557 761 1633 epulis
784 1557 905 1628 onerati,
931 1557 1048 1632 illaque,
1073 1564 1106 1614 et

211 1652 338 1718 domum,
354 1658 383 1709 et
403 1659 495 1709 semet
514 1653 576 1728 igni
597 1658 788 1729 corrumpunt
794 1674 803 1724 3
823 1659 861 1724 et,
881 1671 954 1728 quas
971 1653 1044 1709 victi
1062 1655 1105 1710 ab

211 1747 343 1804 hostibus
369 1767 468 1823 poenas
489 1754 664 1818 metuerant,
687 1767 735 1806 eas
758 1748 815 1824 ipsi
836 1747 968 1805 volentes
993 1766 1105 1824 pepen-

212 1841 286 1900 dere.

271 1939 441 1999 LXXVII.
484 1939 541 1997 Sed
562 1940 671 2016 pariter
694 1959 760 1997 cum
782 1946 868 2015 capta
891 1921 984 1997 Thala
1010 1941 1103 2017 legati

211 2054 250 2092 ex
262 2036 367 2111 oppido
382 2035 469 2111 Lepti
484 2037 522 2091 ad
538 2036 694 2112 Metellum
709 2043 857 2106 venerant,
872 2043 1003 2093 orantes:
1027 2041 1043 2068 “
1053 2039 1105 2095 uti

211 2131 378 2205 praesidium
405 2132 631 2207 praefectumque
654 2151 688 2189 eo
715 2132 866 2189 mitteret:
899 2124 1103 2190 Hamilcarem

211 2228 374 2301 quemdam,
397 2227 545 2285 hominem
566 2229 702 2298 nobilem,
723 2229 886 2298 factiosum,
901 2228 985 2285 novis
1011 2229 1103 2287 rebus

211 2324 327 2380 studere
334 2344 343 2396 ;
357 2324 511 2381 adversum
521 2344 608 2401 quern
621 2345 716 2400 neque
730 2325 851 2400 imperia
864 2325 1100 2399 magistratuum,

211 2436 305 2492 neque
325 2418 402 2494 leges
415 2420 561 2478 valerent:
582 2421 615 2475 ni
628 2420 659 2476 id
672 2421 831 2490 festinaret,
846 2420 878 2477 in
899 2440 1012 2478 summo
1025 2423 1102 2498 peri-
1201 2444 1202 2455 ¹

212 2513 277 2570 culo
290 2534 373 2571 suam
386 2515 517 2586 salutern,
534 2515 660 2574 illorum,
670 2515 761 2571 socios
776 2514 863 2572 fore.''
903 2513 983 2577 Nam
998 2515 1101 2592 Lepti-

211 2610 282 2680 tani,
294 2611 356 2685 jam
368 2611 438 2668 inde
450 2631 468 2668 a
481 2611 624 2687 principio
637 2610 708 2667 belli
720 2609 904 2685 Iugurthini,
917 2611 954 2667 ad
968 2610 1101 2668 Bestiam
1152 2674 1155 2678 ,

211 2706 365 2774 consulem,
380 2714 410 2763 et
423 2714 523 2783 postea
533 2707 666 2777 Romam,
676 2707 823 2777 miserant,
838 2709 998 2764 amicitiam
1012 2709 1103 2766 aoeie-
1201 2752 1202 2759 ,

210 2809 360 2879 tatemque
373 2812 514 2879 rogatum.
557 2803 681 2871 Deinde,
694 2802 747 2859 ubi
759 2822 794 2860 ea
806 2803 970 2877 impetrata,
985 2822 1102 2879 semper

210 2903 280 2961 boni
303 2901 458 2976 fidelesque
476 2919 614 2972 mansere,
635 2905 665 2956 et
685 2905 790 2956 cuncta
809 2918 828 2954 a
845 2898 953 2969 Bestia,
975 2900 1100 2972 Albino,

211 2998 391 3072 Metelloque
411 2997 553 3071 imperata
570 3015 664 3071 gnave
682 2997 818 3051 fecerant
862 2993 968 3071 Itaque
986 2997 1026 3053 ab
1045 2997 1101 3054 irn—

211 3103 344 3171 peratore
367 3092 459 3162 facile,
484 3110 548 3167 quae
575 3091 723 3166 petebant,
751 3090 857 3165 adepti,
886 3096 916 3146 et
942 3089 1036 3148 missae
1065 3111 1101 3150 eo

211 3194 342 3251 cohortes
363 3191 503 3266 Ligurum
518 3195 651 3264 quatuor,
667 3193 698 3245 et
712 3187 744 3245 0.
758 3188 878 3244 Annius
892 3188 1052 3262 praefectus.

271 3284 456 3342 LXXVIII.
499 3283 537 3340 Id
562 3283 702 3359 oppidum
723 3282 761 3338 ab
784 3281 911 3338 Sidoniis
937 3282 1097 3354 conditum,

212 3401 283 3456 quos
297 3384 464 3458 accepimus,
479 3381 615 3458 profugos
628 3381 665 3436 ob
679 3379 834 3437 discordias
848 3378 954 3451 civiles,
971 3378 1101 3441 navibus
