2426 3790
357 254 584 316 SALLUSTII
606 257 633 315 J
637 256 841 319 UGURPHA.
1004 260 1042 318 51

156 409 217 468 tela
246 409 392 487 ingerunt.
435 411 539 470 Nostri
566 413 659 490 primo
682 417 832 472 resistere:
853 411 969 483 deinde,
993 415 1043 471 ubi

155 529 223 567 unae
236 516 325 586 atque
338 510 436 568 alteroe
449 512 533 568 soalae
546 513 738 584 comminutae,
751 513 803 589 qui
816 518 1044 590 supersteterant

157 608 269 665 adflicti
282 613 370 681 sunt,
392 610 489 679 aeteri,
503 627 619 685 quoquo
632 611 717 667 modo
731 618 858 687 potuere,
873 611 958 688 pauoi
971 612 1044 668 inte-

155 705 209 780 gri,
224 722 329 779 magna
341 723 408 780 para
422 705 545 762 confecti
557 706 734 778 vulneribus,
750 707 865 766 abeunt
908 706 1043 784 Denique

156 801 306 874 utrimque
319 799 452 875 praelium
465 819 526 857 nox
539 801 663 860 diremit.

215 894 299 952 LXI.
342 894 489 968 Metellus,
501 901 654 972 postquam
668 897 750 954 videt
766 898 874 956 frustra
883 898 1040 974 inceptum,

155 1009 250 1066 neque
270 990 409 1065 oppidum
429 990 500 1065 oapi,
521 1010 616 1067 neque
635 990 821 1067 Jugurtham,
842 993 957 1049 nisiex
976 992 1043 1049 insi·

155 1084 220 1151 diis,
237 1090 290 1141 aut
307 1103 359 1141 suo
376 1084 448 1150 loco,
466 1104 594 1161 pugnam
612 1086 715 1157 facere,
733 1086 837 1161 etjam
851 1094 981 1146 testatem
994 1106 1043 1143 ex·

154 1187 251 1237 aotam
264 1200 332 1252 esse,
354 1180 391 1236 ab
407 1180 497 1236 Zama
510 1179 651 1252 discedit,
674 1182 749 1238 etin
762 1182 808 1237 his
827 1182 956 1253 urbibus,
976 1201 1041 1258 quae

154 1276 191 1332 ad
211 1295 242 1332 se
262 1277 435 1346 desederant,-
456 1276 584 1352 satisque
605 1277 725 1334 munitae
745 1277 807 1334 loeo
827 1284 879 1334 aut
898 1281 1042 1336 moenibus
1156 1277 1158 1283 ’

153 1379 246 1443 erant,
261 1371 395 1447 praesidia
413 1372 545 1447 imponit.
588 1372 723 1429 Ceterum
745 1373 906 1429 exereitum
925 1375 958 1432 in
977 1395 1041 1451 pro-

153 1467 290 1540 vinciam,
311 1486 376 1543 quae
394 1468 529 1542 proxima
546 1473 590 1524 est
609 1467 766 1539 Numidiae,
788 1468 935 1525 hiemandi
947 1471 1046 1545 gratia

153 1562 281 1619 collocat.
323 1562 429 1638 Neque
449 1563 479 1619 id
495 1570 619 1639 tempus,
641 1581 678 1619 ex
696 1562 819 1619 aliorum
840 1581 929 1634 more,
948 1564 1041 1639 quieti

152 1663 206 1714 aut
228 1657 352 1715 luxuriae
370 1660 520 1716 coneedit:
541 1660 598 1731 sed,
618 1659 756 1734 quoniam
769 1660 858 1716 armis
873 1659 981 1717 bellum
994 1680 1041 1737 pa-

153 1774 220 1812 rum
239 1756 420 1832 procedebat,
444 1757 564 1813 insidias
582 1758 644 1831 regi
664 1774 716 1832 per
736 1756 842 1812 amieos
861 1757 988 1827 tendere,
1009 1764 1041 1814 et

152 1869 250 1907 eorum
266 1850 387 1926 perfidia
404 1862 457 1926 pro
474 1852 563 1908 armis
582 1853 636 1921 uti,
651 1857 746 1927 parat.
788 1851 886 1927 Igitur
899 1852 1040 1909 Bomilca-

153 1965 221 2018 rem,
238 1947 289 2022 qui
303 1946 406 2004 Romae
419 1966 486 2004 eum
499 1946 522 2005 J
522 1948 649 2024 ugurtha
662 1948 764 2019 fuerat,
783 1948 901 2020 atinde,
918 1949 1040 2005 vadibus

152 2045 236 2116 datis,
257 2045 332 2102 olam
353 2045 390 2100 de
413 2042 549 2101 Massivae
566 2064 638 2102 neee
653 2045 799 2120 judicium
818 2044 942 2119 fugerat,
962 2045 1039 2120 quod

153 2141 188 2211 ei,
220 2159 272 2217 per
298 2141 455 2197 maximam
476 2141 642 2213 amicitiam,
670 2141 800 2198 maxima
819 2142 901 2215 eopia
920 2140 1039 2197 fallendi

152 2244 225 2308 erat,
248 2236 349 2293 multis
366 2236 623 2312 pollicitationibus
641 2237 810 2313 adgreditur
819 2255 829 2307 3
847 2254 880 2291 ao
893 2236 987 2311 primo
1001 2238 1040 2292 ef-

152 2335 222 2405 ficit,
236 2336 281 2392 uti
295 2335 332 2392 ad
345 2355 375 2392 aa
389 2336 571 2411 colloquendi
590 2335 686 2411 gratia
703 2335 834 2392 occultus
853 2335 973 2393 veniat:
994 2336 1040 2393 de—

152 2431 228 2502 inde,
249 2432 306 2488 fide
326 2431 402 2502 data,
433 2433 484 2487 “si
505 2430 685 2506 Jugmtham
706 2431 808 2487 vivum
832 2436 884 2487 aut
904 2437 1038 2488 necatum

151 2525 325 2598 tradidisset,
355 2527 424 2597 fore,
453 2532 489 2583 ut
512 2527 557 2582 illi
576 2533 692 2582 senatus
712 2526 918 2600 impunitatem
938 2533 969 2585 et
988 2547 1041 2584 sua

151 2622 250 2679 omnia
263 2624 455 2694 concederet,''
475 2623 559 2681 facile
577 2623 714 2680 Numidae
727 2622 889 2701 persuadet,
910 2643 975 2680 eum
997 2625 1039 2680 in-

151 2717 237 2793 genio
253 2717 351 2788 infido,
369 2724 435 2775 tum
454 2717 607 2790 metuenti,
629 2737 674 2789 ne,
695 2719 720 2774 si
738 2737 796 2793 pax
814 2737 881 2775 cum
900 2717 1040 2775 Romanis

151 2818 242 2889 fieret,
259 2817 320 2891 ipse
333 2836 386 2893 per
398 2817 577 2874 conditiones
590 2814 627 2872 ad
639 2815 814 2890 supplicium
826 2814 998 2872 traderetur.

212 2912 314 2970 LXIL
357 2913 397 2984 Ia,
418 2913 470 2970 ubi
487 2914 614 2989 primum
631 2897 829 2987 opportunum
849 2911 914 2982 fuit,
932 2909 954 2967 J
955 2929 1037 2984 ugur-

151 3011 235 3068 tham
255 3011 378 3068 anxium
397 3029 430 3067 ac
450 3011 635 3068 miserantem
666 3010 797 3066 fortunas
825 3027 891 3065 suas
910 3005 1038 3062 aceedit:

151 3114 253 3164 monet
272 3113 360 3184 atque
380 3107 543 3182 lacrymans
562 3106 732 3175 obtestatur,
754 3105 801 3162 uti
814 3101 970 3178 aliquando
984 3101 1039 3157 sibi

151 3205 307 3282 liberisque
325 3212 356 3262 et
371 3207 453 3280 genti
473 3204 678 3274 Numidarum,
694 3203 802 3279 optime
823 3199 954 3269 merenti,
976 3218 1040 3274 pro

151 3303 270 3361 videat:
301 3303 435 3360 omnibus
462 3303 570 3379 praeliis
598 3321 659 3359 sese
686 3302 787 3371 victos,
819 3316 921 3373 agrum
949 3303 1041 3353 vasta

152 3404 226 3472 tum,
252 3400 360 3457 multus
379 3400 515 3458 mortales
538 3406 636 3476 captos
655 3404 707 3454 aut
729 3397 841 3467 oremus,
862 3393 945 3469 regni
965 3412 1040 3468 opes,

884 3506 961 3561 4-2
