2426 3786
22 3676 96 3742 k

177 235 217 297 30
276 300 279 307 ,
391 232 615 297 SALLUSI'II
641 230 849 296 cortilus.

176 340 339 469 magnoque
365 391 530 469 frequentis
556 390 620 467 ejus
646 390 764 462 ordinis,
783 388 976 450 Volturcium
998 407 1067 446 cum

174 485 280 564 legetis
299 487 479 546 introducit:
501 486 636 546 Flsccum
656 493 810 563 praetorem
829 484 969 543 sonnium
987 502 1067 548 >cum
1193 504 1194 515 2

178 582 293 658 littoris,
327 602 401 661 quse
432 602 452 641 u
483 582 588 660 legetis
620 587 778 660 acceperut,
820 580 922 640 codem
953 579 1067 641 adferre

171 678 265 756 jubet

235 773 371 833 XLVIL
412 772 586 834 Volturcius
601 773 797 851 iuterrogatus
817 772 881 830 “de
897 771 1010 844 itinere,
1026 770 1067 830 de

176 868 291 942 litteris,
321 876 469 947 postremo
495 870 576 948 quid,
607 876 661 927 sut
682 889 742 946 que
761 871 798 927 de
817 887 924 942 musso,
951 869 1066 926 consilii

176 964 369 1026 habuissetl”
397 968 493 1043 primo
516 966 626 1042 fingere
648 965 713 1038 ulie,
738 963 922 1023 dissimrssme
943 963 980 1022 de
1000 982 1067 1023 con-

172 1061 343 1139 jurstione;
372 1067 446 1139 post,
467 1061 520 1121 ubi
546 1062 603 1119 nde
630 1061 748 1138 publicu
769 1061 866 1119 dicere
889 1060 989 1136 jussu
1010 1065 1063 1132 cst,

176 1158 283 1231 omnis,
301 1157 348 1217 uti
367 1165 450 1235 gestu
470 1163 562 1230 erunt,
584 1158 688 1234 sperit,
711 1156 860 1234 docetque,
887 1161 945 1215 “so
965 1158 1065 1234 psucis

176 1261 247 1314 unte
266 1255 369 1313 diebus
387 1274 406 1312 s
430 1253 556 1313 Gabinio
579 1260 610 1311 et
630 1253 763 1331 Ooepurio
782 1254 893 1313 socium
912 1254 1063 1327 adscitum,

177 1350 253 1413 nihil
267 1350 390 1427 emplius
402 1351 482 1422 scire,
498 1368 587 1427 quom
599 1349 729 1426 legatos:
749 1348 952 1407 tantummodo
964 1348 1066 1409 audine

177 1446 297 1515 solitum
312 1464 350 1503 ex
368 1445 504 1519 Gabinio,
521 1443 554 1507 Ρ.
572 1443 765 1518 Autronium,
787 1443 922 1517 Servium
943 1442 1064 1517 sunem,

178 1543 213 1609 L.
237 1542 465 1620 Vargunteium,
482 1541 592 1607 multos
608 1546 749 1619 praetereu
769 1539 802 1598 in
817 1559 852 1599 es
866 1541 1066 1618 conjuratione

177 1642 264 1703 esse.’'
304 1640 417 1700 nedem
438 1639 519 1700 Gelli
533 1640 684 1714 fetentur3
702 1657 737 1698 sc
754 1639 914 1698 Lentulum
933 1639 1066 1699 dissimu-

177 1739 290 1803 lentem
309 1742 480 1814 coupuunt,
505 1741 611 1815 praetsr
630 1736 753 1809 littores,
778 1736 965 1809 sermonibus,
993 1754 1066 1814 quos

178 1836 229 1894 ille
241 1835 348 1893 hsbcro
363 1835 466 1893 solitus
483 1840 566 1895 erut:
587 1837 651 1891 “ex
670 1833 754 1892 libris
767 1833 928 1909 Sibyllinis,
941 1852 1066 1910 regnum

177 1932 280 1993 Romse
291 1933 386 1991 tribus
394 1932 537 1991 Corneliis
544 1933 680 2009 portendi
691 1952 698 1993 s
720 1932 844 1990 Ginnsm
854 1938 943 2009 utque
953 1931 1065 1991 Sullum

178 2037 265 2091 unteu
274 2051 284 2103 3
304 2049 337 2089 se
355 2029 485 2102 tertium,
501 2028 550 2086 oui
568 2030 662 2087 fetum
682 2029 758 2088 soret
769 2029 852 2087 urbis
863 2029 973 2106 potiri:
993 2047 1066 2107 pres·

179 2133 260 2185 teres
274 2126 312 2183 sb
330 2126 448 2183 incenso
470 2124 614 2202 Capitolio
635 2125 721 2183 illum
741 2143 803 2183 esse
823 2125 996 2202 vigesimum
1016 2144 1066 2184 un-

178 2241 259 2294 num,
274 2239 362 2299 quem
374 2239 449 2297 saepe
462 2239 501 2278 ex
513 2220 652 2299 prodigiis
669 2221 834 2298 horuspices
850 2221 1065 2298 respondissent

179 2317 256 2375 bello
268 2317 349 2374 civili
361 2323 516 2375 cruentum
533 2315 622 2376 fore.'’
662 2316 768 2394 Igitur,
791 2316 928 2394 perlectis
947 2317 1063 2389 litteris,

162 2454 164 2457 -
178 2431 247 2470 cum
259 2412 341 2489 prius
353 2431 453 2471 omnes
465 2413 549 2489 signs
560 2431 614 2472 suu
626 2414 834 2490 cognovissent,
842 2420 960 2474 senstus
972 2414 1066 2473 ‹lecer-

179 2509 234 2581 nit‚
258 2513 276 2545 “
283 2508 330 2566 uti
342 2509 476 2567 sbdicuto
488 2508 662 2585 megisti-utu
676 2507 829 2580 Lentulus,
842 2508 916 2567 item
928 2508 1018 2567 ceteri
1032 2508 1066 2567 in

179 2602 280 2662 liberis
291 2602 429 2661 custodiis
441 2601 644 2663 haberentur.’'
677 2603 784 2680 Itaque
793 2602 937 2662 Lentulus
946 2603 980 2663 P.
992 2603 1066 2661 Len-

181 2698 245 2755 tulo
252 2696 412 2774 Spintheri,
422 2698 475 2773 qui
487 2704 552 2756 tum
564 2698 657 2758 aedilis
671 2704 742 2771 erut,
758 2697 903 2774 Cethegus
916 2697 951 2766 Q.
967 2696 1066 2755 Corni-

180 2794 254 2865 ficio,
266 2792 402 2852 Statilius
414 2792 446 2851 0.
459 2793 574 2866 Oaesuri
584 2792 728 2851 Gsbinius
735 2792 778 2852 M.
791 2792 902 2865 Orusso,
917 2792 1067 2870 Goepurius

181 2889 263 2969 (num
274 2889 301 2947 is
313 2888 411 2966 psello
424 2894 493 2946 unte
506 2908 544 2946 ex
557 2891 626 2966 fuga
638 2895 781 2949 retractus
794 2888 870 2970 erut)
890 2888 943 2950 (ln.
958 2889 1066 2948 Toren-

180 2989 224 3046 tio
236 2988 364 3047 senatori
375 2988 541 3047 traduntur.
1150 3056 1153 3063 Ι

240 3085 396 3147 XLVIII.
438 3085 557 3143 Interes
571 3085 678 3161 plebes,
698 3087 897 3164 conjuratione
912 3086 1064 3163 pennen,

181 3199 247 3255 quse
266 3182 368 3256 primo,
388 3182 493 3258 cupide
510 3200 608 3238 rerum
629 3200 780 3256 noverum,
796 3184 885 3241 nimis
902 3184 978 3242 bollo
991 3183 1065 3240 fove

181 3276 242 3347 but,
256 3283 371 3335 mutate
382 3284 490 3350 mente,
505 3277 640 3336 Cutilinae
653 3280 775 3338 consiliu
787 3281 938 3353 exsecrari,
953 3279 1065 3337 Oioero-

181 3387 251 3433 nem
263 3370 302 3429 ud
314 3372 418 3433 coelum
430 3374 532 3433 tollere
545 3394 551 3434 :
565 3374 666 3432 ¹veluti
675 3393 714 3432 ex
723 3375 865 3436 servitute
877 3379 984 3453 erepte,
997 3391 1066 3450 geu-
