2426 3786
198 224 216 280 4
412 221 514 281 »SALL
522 221 636 282 USTII
660 221 871 291 CATILINA,

195 376 311 452 algoris,
340 394 428 451 supra
453 394 541 451 quam
562 376 697 451 cuiquam
717 377 854 435 credibile
877 383 940 451 est3
969 379 1083 447 animus

193 471 303 543 audax,
324 471 471 542 subdolus,
492 470 600 544 varius,
621 472 704 548 cujus
720 473 764 530 rei
784 473 858 532 libet
873 475 1027 532 simulator
1049 495 1083 533 uc

194 566 412 641 dissimulator3
422 565 520 624 ‘alieni
532 572 681 642 appetens,
700 568 745 624 sui
758 569 892 644 profusus
904 589 913 641 ;
933 571 1037 635 ardens
1049 570 1083 626 in

196 664 426 742 cupiditatibus3
440 665 511 721 satis
519 664 700 741 eloquentiae,
711 666 859 742 sapientiae
867 686 978 742 perum.
1006 666 1082 724 Vas·

196 768 245 819 tus
257 761 372 818 animm
383 759 581 831 immoderata,
596 760 784 832 incredibilia,
795 761 884 818 nimis
896 762 957 819 alta
969 783 1082 839 semper

193 857 340 934 cupiebat.
389 856 490 928 Hunc,
520 862 588 932 post
615 855 844 913 dominationem
870 856 956 915 Lucii
981 858 1078 932 Sullae,

196 952 295 1011 lubido
313 952 443 1009 maxima
458 952 605 1009 invaserat
624 951 790 1027 reipublicae
811 952 966 1027 capiendae,
985 973 1080 1031 neque

195 1048 227 1106 id
245 1048 350 1124 quibus
372 1047 465 1105 modis
492 1047 707 1123 adsequeretur,
725 1046 795 1104 dum
815 1048 871 1105 sibi
888 1068 1080 1127 regnumpu·

194 1150 280 1217 reret,
307 1143 466 1220 quidquam
494 1143 576 1218 pensi
604 1141 737 1205 habebnt.
786 1144 968 1221 Agitabatur
987 1148 1079 1222 magis

194 1240 342 1317 magisque
361 1239 393 1297 in
408 1239 474 1296 dies
493 1239 608 1296 animus
627 1238 711 1296 ferox
731 1238 831 1316 inopis
854 1240 899 1298 rei
919 1241 1076 1312 familiaris,

192 1343 225 1394 et
249 1336 427 1407 conscientia.
450 1334 613 1406 scelerum3
646 1353 712 1410 quae
737 1340 862 1411 utraque
890 1336 937 1393 his
965 1337 1077 1394 artibus

192 1438 315 1491 auxerat
339 1450 411 1508 quas
434 1449 523 1506 supra
545 1430 719 1497 memoravi„
752 1431 923 1489 Incitabant
938 1439 1078 1507 praeterea.

192 1529 321 1605 corrupti
334 1527 463 1585 civitatis
474 1544 576 1598 morea,
598 1540 678 1602 quos
686 1527 810 1602 pessima
822 1547 856 1584 ec
873 1528 986 1597 diversa
998 1529 1078 1585 inter

191 1647 222 1684 se
234 1627 319 1697 mala,
337 1625 456 1683 luxuria
474 1629 564 1699 atque
580 1624 713 1696 avaritia,
736 1626 890 1685 vexabant.
933 1626 994 1683 Res
1013 1627 1076 1702 ipse

191 1721 303 1779 hortari
315 1721 439 1791 videtin,
449 1721 592 1797 quoniam
608 1720 644 1778 de
662 1721 792 1779 moribus
815 1723 943 1780 civitatis
960 1728 1075 1798 tempus

189 1817 350 1887 admonuit,
378 1834 465 1892 supra
487 1822 625 1891 repetere,
655 1836 689 1874 ac
713 1818 812 1893 paucis
832 1818 969 1876 instituta
988 1819 1076 1894 man

189 1932 257 1970 rum
278 1911 357 1969 domi
377 1911 555 1986 militiaeque,
575 1911 720 1986 quomodo
739 1912 948 1986 rempublicam
966 1911 1074 1971 habue-

189 2012 259 2083 rint,
274 2015 470 2087 quantamque
487 2008 665 2083 reliquerint,
687 2013 723 2064 ut
739 2007 892 2083 paullatim
910 2006 1073 2077 immutate,

189 2126 228 2164 ex
250 2105 451 2183 pulcherrima,
474 2105 599 2183 pessima
615 2123 651 2162 ac
675 2103 899 2181 flagitiosissima
926 2104 1002 2163 factu
1024 2103 1071 2176 sit,

188 2204 335 2261 disserere.
433 2272 435 2275 v

225 2298 227 2304 '
248 2298 306 2359 VI.
347 2300 461 2359 Urbem
482 2300 614 2373 Romam,
633 2301 721 2360 sicuti
733 2320 786 2377 ego
799 2300 904 2377 accepi,
919 2300 1072 2358 condidere

189 2402 285 2471 atque
299 2396 427 2456 habuere
449 2398 536 2456 initio
561 2397 687 2475 lbojani,
711 2398 764 2474 qni
786 2397 886 2455 AEnea
910 2398 983 2455 duce
1006 2415 1071 2473 pro-

188 2493 251 2569 fugi
272 2495 389 2552 sedibus
412 2495 530 2568 incertis
552 2497 752 2572 vagabantur,
780 2513 905 2571 cumque
924 2493 970 2551 his
989 2494 1070 2551 Abo-

187 2590 302 2666 rigines,
321 2607 411 2667 genus
429 2592 580 2648 hominum
596 2597 715 2667 agreste,
727 2592 797 2648 sine
812 2591 931 2666 legibus,
943 2590 1006 2647 sine
1018 2589 1071 2646 im-

187 2678 413 2762 per10,liberum
432 2691 521 2762 etque
539 2687 676 2745 solutum.
718 2687 764 2746 Hi
780 2693 936 2763 postquam
953 2685 988 2742 in
1009 2704 1070 2743 una

187 2783 293 2840 moenia
305 2801 470 2855 convenere,
486 2783 592 2858 dispari
604 2802 718 2858 genere,
728 2782 863 2840 dissimili
876 2782 983 2855 lingua,
994 2781 1069 2838 elius

186 2882 244 2940 alio
270 2899 350 2939 more
375 2881 516 2954 viventes,
544 2879 713 2938 incredibile
736 2882 897 2935 memoratu
916 2882 962 2934 est
980 2895 1069 2952 quam

185 2978 269 3037 facile
287 2978 454 3038 coaluerint.
503 2976 561 3035 Sed
580 2982 733 3054 postquem
754 2995 801 3034 res
823 2993 924 3034 eorum
946 2974 1066 3048 civibus,

185 3076 321 3147 moribus,
342 3073 420 3150 egris
438 3080 532 3147 aucte,
552 3075 622 3134 satis
641 3092 786 3150 prospera,
808 3072 942 3147 satisqne.
955 3058 1067 3145 pollens

185 3170 345 3243 videbatur,
359 3170 446 3229 sicuti
458 3171 595 3249 pleraque
608 3169 776 3228 mortalium
787 3167 939 3239 habentur,
954 3165 1067 3223 invidie

185 3287 222 3325 ex
235 3260 384 3343 opulentia
400 3274 464 3328 orta
477 3273 528 3328 est
568 3267 668 3344 Igitur
680 3282 761 3343 reges
773 3265 931 3350 populique
943 3262 1064 3320 finitimi

183 3360 259 3421 bello
267 3367 381 3424 tentare
386 3385 396 3441 3
416 3364 501 3443 pauci
508 3364 654 3441 extamicis
667 3362 778 3427 auxilio
786 3379 848 3420 esse
853 3381 864 3439 ς
884 3378 953 3418 nam
966 3358 1063 3435 ceteri,
