2426 3786
170 252 208 318 ld
385 254 610 320 SALLUSTII
634 258 840 325 CATILINA.

169 409 315 468 occultare
323 429 334 483 3
360 429 477 486 prorsus
497 430 592 489 neque
611 414 714 485 dicere,
735 435 831 492 nequa
849 418 951 490 lacera,
972 416 1054 496 quid·

169 526 258 582 quam
283 508 366 584 pensi
392 508 525 567 habebat.
568 509 641 565 h'rat
661 510 689 568 ei
709 530 776 569 cum
799 512 912 585 Fulvia,
932 516 1054 574 muliare

169 603 269 673 nobili,
284 609 369 661 ratus
382 604 580 663 consuetudo:
601 605 729 662 cuicum
743 607 842 665 minus
856 615 957 684 gratus
970 615 1052 682 esset,

167 699 240 774 quia
265 701 365 776 inopia
390 700 487 757 minus
513 700 613 776 largiri
638 709 761 777 poterat,
788 711 907 779 repente
928 705 1053 781 glorians

169 796 263 853 mana
288 802 458 871 montesque
483 797 614 872 polliceri
640 800 744 875 caepit;
774 801 879 858 minari
905 802 1053 859 interdum

169 893 254 964 ferro,
275 893 333 949 nisi
355 891 483 949 obnoxia
506 893 582 950 soret
591 913 601 967 3
629 900 775 970 postremo
797 896 920 954 ferocius
942 898 1053 972 agitare

168 1009 257 1066 quam
271 990 374 1047 solitus
387 995 458 1047 erat.
494 989 541 1046 At
554 990 668 1064 Fulvia,
681 992 843 1050 insolentiae
858 993 940 1051 Curii
953 1012 1053 1051 caussa

168 1085 292 1161 cognita,
325 1086 386 1143 tale
417 1086 580 1162 periculum
611 1088 776 1164 reipublicae
802 1088 881 1146 haud
906 1091 1052 1148 oecultum

169 1181 291 1255 habuit;
312 1183 370 1255 sed,
385 1182 500 1240 sublato
511 1188 639 1252 ,auctora
652 1184 689 1242 de
703 1183 837 1243 Catilinae
850 1185 1050 1262 conjuratione
1113 1228 1120 1238 .

169 1297 234 1353 quae
247 1297 364 1354 quoque
374 1279 459 1336 modo
472 1279 613 1353 audierat,
628 1281 822 1356 compluribus
835 1282 975 1340 narravit.
1008 1281 1052 1340 Ea

169 1392 215 1430 res
228 1375 260 1431 in
273 1375 375 1450 primis
388 1375 486 1431 studia
503 1374 655 1434 hominum
674 1377 806 1435 accendit
819 1377 856 1434 ad
869 1378 1052 1436 consulatum

167 1470 365 1527 mandandum
380 1468 422 1526 M.
439 1470 536 1527 Tullio
550 1470 690 1530 Ciceroni
731 1472 764 1531 N
764 1491 868 1549 amque
888 1480 975 1532 antee.
993 1475 1053 1550 pla

168 1586 258 1642 reque
271 1564 410 1623 nobilitas
422 1565 535 1623 invidia
550 1569 700 1639 aestuabat,
722 1574 753 1625 at
771 1571 855 1645 quasi
874 1570 967 1645 pollui
985 1589 1052 1628 con·

166 1663 297 1722 sulatum
318 1662 480 1734 credebant,
502 1664 621 1735 sicum,
642 1665 775 1739 quamvis
799 1666 937 1741 egregius,
965 1665 1051 1723 homo

169 1779 262 1817 novus
275 1759 395 1835 adeptus
408 1759 490 1816 foret
534 1759 599 1830 Sed,
620 1761 673 1817 ubi
692 1761 853 1837 periculum
865 1762 993 1836 advenit,
1009 1764 1051 1819 in,

167 1846 248 1914 vidia
261 1863 348 1932 atque
361 1851 495 1932 superbia
507 1862 573 1932 post
586 1858 674 1914 fuere.

228 1949 351 2010 XXIV.
394 1950 498 2025 Igitur,
521 1951 648 2008 comitiis
671 1951 788 2021 habitis,
809 1952 940 2010 consules
959 1951 1051 2010 decla

167 2052 271 2105 rantur
285 2047 328 2105 M.
344 2047 457 2104 Tullius
470 2052 500 2103 ct
514 2048 545 2105 0.
561 2047 730 2120 Antonius3
744 2048 820 2124 quod
835 2049 943 2106 factum
957 2049 1051 2124 primo

141 2145 320 2220 ,populares
346 2144 554 2219 conjurationis
580 2151 789 2203 concusserat·
821 2146 926 2222 Neque
952 2151 1050 2203 tamen

169 2241 304 2298 Catilinae
317 2240 399 2297 furor
412 2240 613 2299 minuebatur:
634 2241 684 2298 aad
701 2242 734 2298 in
751 2241 814 2299 dies
827 2242 913 2317 plura
922 2242 1049 2316 ‚agitare3

167 2355 248 2393 arma
267 2355 320 2412 per
340 2332 458 2393 Italiam
478 2336 548 2393 locis
565 2339 735 2413 opportunis
749 2356 850 2413 parare
859 2357 868 2410 3
889 2337 1047 2413 pecuniam,

143 2466 145 2473 ι
168 2452 220 2490 sua
239 2439 292 2492 aut
311 2435 469 2492 amicorum
481 2435 539 2493 fide
551 2440 699 2511 sumptam
716 2442 857 2506 mutuam,
872 2434 1000 2491 Faesulas
1012 2433 1050 2493 ad

168 2527 314 2586 Manlium
334 2529 488 2605 quemdam
506 2536 632 2605 portare,
652 2531 705 2606 qui
725 2536 824 2606 postea
841 2530 974 2605 princeps
992 2529 1049 2588 fuit

167 2625 238 2683 belli
249 2626 382 2685 faciendi
417 2626 462 2684 Ea
474 2633 648 2704 tempestate
660 2628 802 2704 plurimos
815 2629 954 2704 cujusque
966 2644 1049 2702 gene·

165 2723 208 2779 ris
220 2723 352 2780 homines
365 2723 518 2782 adscivisse
531 2725 655 2798 dicitur3
675 2724 811 2781 mulieres
825 2726 912 2782 etiam
926 2723 1047 2799 aliquot,

163 2837 231 2894 quae
243 2818 337 2895 primo
349 2819 483 2895 ingentes
496 2826 631 2896 sumptus
650 2825 751 2896 stupro
771 2820 897 2896 corporis
910 2818 1049 2877 tolerave-

165 2919 233 2971 rant
238 2933 248 2986 3
268 2920 341 2989 post,
352 2915 405 2971 ubi
417 2921 487 2974 aetas
500 2916 702 2974 tantummodo
715 2915 846 2993 quaestui,
856 2935 951 2992 nequa
962 2915 1049 2972 luxu·

165 3010 359 3081 riae,m0dum
370 3011 487 3085 fecerat,
507 3031 547 3071 aes
566 3013 695 3070 alianum
713 3013 822 3089 grande
835 3012 1046 3069 conflaverant:
1059 3057 1062 3061 .

115 3095 116 3098 ¹
166 3127 219 3185 per
231 3127 278 3165 aas
291 3127 321 3165 se
336 3109 463 3167 Catilina
475 3110 611 3167 credebat
629 3128 710 3186 posse
727 3110 849 3168 servitia
866 3108 980 3166 urbana
994 3105 1047 3164 eol·

165 3202 287 3274 licitare,
307 3206 408 3263 urbem
429 3205 591 3280 incendere,
606 3206 684 3265 viros
703 3223 804 3264 earum
822 3202 871 3264 vel
890 3203 1045 3280 adjungere

163 3297 230 3371 eibi,
244 3299 292 3358 val
304 3301 472 3362 interficere.
