2426 3790
363 250 586 310 SALLUSTII
610 251 635 306 J
641 251 693 308 δύ’
699 249 848 310 Uurffl.
1014 252 1051 310 37

165 406 312 472 disserere,
323 407 446 477 tempus,
461 421 549 477 quem
562 421 616 474 ree,
631 403 775 460 maturius
788 402 908 463 deseret
947 404 1053 474 Quam-

165 501 264 556 obrem
278 499 315 554 ad
329 499 478 572 inceptum
492 499 584 556 redeo,

225 594 346 652 XLIIL
391 594 463 650 Post
492 595 569 651 Auli
601 593 701 665 fndus,
730 596 933 673 exercitusque
958 599 1052 655 nostri

164 690 271 746 smdam
300 690 406 764 fugam,
437 688 471 756 Q„
500 689 641 747 Metellus
660 696 691 747 et
710 690 752 747 M.
776 692 901 761 Silanus,
921 695 1052 752 consules

165 785 316 860 designati,
337 786 501 859 provinciae
518 786 598 843 inter
610 805 640 842 ee
653 787 850 862 partiverunt:
873 787 1051 864 Metelloque

157 880 307 940 ,Numidia
327 893 471 953 evenerat,
494 883 554 939 aeri
580 883 653 952 viro,
684 890 714 939 et
734 902 911 959 quamquam
930 885 1051 942 adverso

164 977 264 1051 populi
278 979 415 1054 partium,
431 981 507 1035 lenm
520 985 619 1036 temen
633 980 769 1056 aequubili
782 986 813 1036 et
829 980 976 1038 inviolate.
1018 981 1051 1037 Is

164 1072 216 1129 nbi
228 1073 356 1148 primum
370 1075 571 1149 magistratum
585 1075 730 1150 ingressus
743 1080 795 1145 est,
814 1076 872 1132 alio
884 1076 982 1133 omnio
994 1075 1051 1132 eibi

164 1186 232 1225 enm
258 1169 368 1244 college
395 1188 486 1241 ratus,
511 1170 548 1226 ad
576 1170 694 1240 bellum,
721 1171 798 1246 quod
817 1178 951 1245 gesturus
977 1178 1048 1243 erat,

164 1264 295 1320 animum
324 1264 460 1323 intendit.
503 1266 609 1341 Igitur,
635 1265 767 1321 diffidens
786 1265 880 1321 veteri
899 1267 1048 1338 exercitui,

163 1359 273 1416 milites
299 1361 431 1430 scribere,
461 1361 593 1436 presidio
619 1361 749 1436 undique
775 1378 934 1417 arcessere:
959 1380 1049 1430 erma,

164 1453 231 1525 tela,
252 1473 349 1530 equom
366 1461 397 1511 et
415 1462 512 1511 cetere
524 1457 721 1513 instrumente
734 1455 855 1525 militiae,
871 1468 990 1531 parare:
1010 1458 1048 1512 ud

163 1549 218 1605 hoc
236 1556 430 1638 commeatum
449 1551 580 1608 affatim:
609 1551 733 1626 denique
758 1551 864 1622 omnia,
887 1570 954 1626 quoe
974 1551 1049 1608 bello

164 1645 254 1715 vario,
283 1650 315 1701 et
342 1646 502 1716 multorum
529 1665 628 1702 rerum
653 1647 758 1720 egenti,
779 1647 845 1702 usui
865 1665 926 1703 esse
945 1647 1046 1703 solent.

163 1740 300 1797 Ceterum
320 1742 357 1798 ed
379 1760 414 1797 ea
432 1743 575 1817 potiundo
594 1745 688 1800 senati
712 1744 885 1800 auctoritate
909 1744 978 1801 socii
1000 1764 1047 1801 no-

163 1855 288 1912 menque
305 1837 451 1910 latinum,
470 1846 503 1896 et
520 1857 601 1914 reges
614 1840 693 1897 ultro
707 1839 818 1897 auxilia
830 1841 967 1913 mittere;
988 1859 1047 1916 poe

162 1937 255 1989 tremo
271 1934 367 1989 onmis
382 1933 485 1990 civitas
507 1953 619 1990 summo
637 1934 734 1991 studio
751 1934 944 1992 adnitebatur.
988 1935 1048 1995 Ita-

162 2044 228 2100 que,
243 2046 281 2083 ex
294 2029 441 2085 sententio
453 2029 588 2086 omnibus
597 2029 684 2087 rebus
698 2030 806 2104 parutis
816 2029 1046 2104 compositisque,

163 2123 196 2177 in
216 2122 387 2178 Numidiam
408 2124 608 2199 proficiscitur,
637 2143 743 2200 magno
770 2144 820 2200 spe
843 2124 960 2194 civium,
982 2143 1048 2181 cum

163 2224 281 2293 propter
294 2220 383 2276 bonas
395 2229 480 2291 arten,
495 2228 560 2278 tum
574 2221 795 2296 mexime,quod
806 2221 960 2277 adversum
974 2221 1047 2276 divi·

163 2315 220 2371 tias
237 2314 381 2372 invictum
398 2317 530 2373 animum
547 2319 683 2393 gerebet;
705 2324 736 2373 et
755 2318 879 2373 avaritie
900 2317 1047 2392 magistru-

162 2416 248 2467 tunm
261 2417 330 2466 onte
339 2411 371 2466 id
384 2416 499 2486 tempus
512 2413 544 2467 in
558 2412 700 2468 Numidia
713 2416 818 2467 nostroe
831 2429 899 2487 opes
911 2419 1046 2479 contuere,
1104 2412 1106 2415 ’

163 2506 349 2579 hostiumque
362 2517 455 2562 auctae
468 2513 560 2563 erent

222 2601 340 2660 XLIV.
382 2603 447 2672 Sed,
469 2604 520 2659 ubi
540 2603 573 2659 in
591 2602 723 2659 Africum
743 2601 834 2671 venit,
856 2602 1001 2660 exercitus
1020 2603 1048 2660 ei

162 2696 291 2755 truditur
307 2695 355 2772 Sp.
378 2696 482 2753 Albini
501 2697 688 2773 proconsulis,
705 2697 790 2764 inere,
805 2696 938 2767 imbellis,
954 2716 1047 2772 neque

163 2796 290 2869 periculi,
320 2815 415 2873 neque
442 2797 548 2854 laboris
575 2796 697 2871 1mtiene,
723 2796 824 2871 lingue
844 2817 930 2873 quum
959 2817 1047 2854 mann

162 2893 325 2968 promptior
340 2894 484 2968 praedator
501 2912 538 2949 ex
555 2893 648 2962 sociis,
666 2892 773 2967 etipse
791 2893 888 2968 pineda
910 2893 1045 2963 hostium,

158 2986 225 3045 ,eino
234 2986 359 3060 imperio
371 2998 402 3044 et
415 2989 556 3045 modestia
570 2988 693 3044 lmbituu
729 2987 779 3044 Ite
791 2988 958 3063 imperatori
971 3007 1047 3044 novo

162 3080 229 3155 plue
248 3101 287 3139 ex
307 3083 392 3139 melis
412 3084 540 3141 moribus
559 3083 771 3154 sollicitudinis,
799 3102 888 3157 quem
908 3102 945 3139 ex
965 3082 1047 3157 copie

163 3177 290 3234 militum
318 3178 423 3237 erixilii
450 3186 503 3236 aut
530 3180 592 3255 spei
616 3181 705 3250 bone,
733 3179 892 3238 accedebat.
936 3177 1047 3234 Statuit

162 3277 262 3328 tumen
290 3271 437 3344 Metellus,
466 3293 643 3351 quemqnam
672 3281 703 3332 et
734 3276 903 3332 aestivorum
932 3279 1047 3348 tempus

162 3367 348 3446 comitiorum
361 3388 441 3429 mora
458 3370 654 3442 imminueret,
672 3377 703 3430 ot
718 3370 932 3446 exspectatione
948 3373 1048 3429 eventi
