2426 3786
357 257 581 318 SALLUSTH
600 256 808 319 CATILINA.
983 261 1020 322 39

137 405 257 479 incultu,
274 407 351 466 foedn
369 413 459 483 etque
477 406 661 464 formidolose
677 405 793 465 hebere.
823 337 938 483 itaque
956 425 1022 465 een·

136 503 198 560 enit
210 519 358 561 rnourum
367 518 470 561 norun
479 517 693 575 runmonunne,
706 518 787 560 rreoe
794 518 850 560 rm
861 518 1025 563 uuurerru

137 613 171 653 nr
185 613 340 656 oueronue
351 603 524 668 mmmm
543 595 680 655 videlicet
692 597 806 668 umens,
821 615 866 670 ne,
879 597 906 655 si
919 597 1024 657 Βοωω

136 693 206 764 sint,
221 699 275 750 eut
283 712 301 749 e
310 693 497 770 popularibus
507 694 723 769 conjurationis,
733 701 786 752 eut
798 714 816 751 n
829 694 1022 754 multitudine

136 787 287 859 eonducta,
304 807 358 864 per
372 789 433 845 vim
447 789 619 865 eripiantur.
660 789 750 858 Queri
762 808 832 847 vero
845 790 914 847 meli
932 797 1021 867 etque

135 881 253 939 eoeleeti
264 883 467 941 tantummodo
476 884 509 941 in
522 884 604 956 urbe,
619 890 651 944 et
661 903 721 942 non
732 904 785 961 per
797 890 890 944 totam
900 886 1022 945 Italiam

136 977 211 1049 eiut3
230 982 355 1035 autnon
371 978 413 1036 ibi
425 978 492 1057 plue
504 980 596 1055 poenit
611 980 739 1050 audeoin,
752 981 806 1037 ubi
817 980 855 1037 nd
868 980 1022 1038 defenden-

136 1072 208 1129 dum
228 1091 296 1148 open
314 1073 441 1132 minorue
460 1081 538 1132 nunt.
583 1074 680 1143 Quare
692 1093 801 1132 venum
819 1075 953 1152 equidem
965 1075 1020 1134 hoe

136 1168 290 1226 remilium
298 1175 352 1238 eet,
364 1171 390 1227 ei
402 1170 564 1246 perieulum
577 1189 615 1228 ex
623 1170 684 1228 illie
696 1171 817 1228 metuit:
836 1171 884 1229 nin
893 1172 926 1229 iu
935 1177 1020 1230 tento

135 1264 268 1321 omnium
280 1270 363 1322 metu
375 1265 454 1322 solue
466 1283 526 1335 non
539 1266 633 1336 timet,
647 1283 682 1322 eo
693 1265 785 1341 mugio
794 1266 883 1324 refert
891 1286 938 1324 me
945 1267 1020 1327 mihi

135 1364 225 1434 utque
246 1358 330 1416 vobin
346 1359 457 1417 timere
499 1360 604 1432 Quare,
621 1378 689 1418 oum
707 1359 744 1416 de
756 1358 791 1418 P.
806 1358 933 1419 Lentulo
945 1368 1020 1420 oete·

134 1456 233 1532 n'eque
245 1457 388 1529 etntuetie,
402 1476 455 1533 pro
467 1462 547 1515 nerto
565 1455 710 1528 habetote,
724 1473 776 1512 voe
787 1454 876 1515 eimul
888 1455 925 1512 de
939 1474 1020 1515 exer-

136 1552 199 1609 eitu
228 1550 362 1610 Catilium
388 1557 419 1609 et
444 1553 482 1610 de
508 1551 642 1609 omnibue
669 1551 828 1626 conjuratio
855 1550 1018 1612 decernere.

136 1645 255 1714 Quanto
268 1665 320 1704 voe
332 1646 475 1704 attentius
488 1665 522 1704 ea
533 1647 633 1722 egetis,
648 1652 732 1705 tento
741 1646 800 1702 illie
812 1646 927 1702 animun
939 1645 1019 1704 infir·

135 1744 211 1801 mior
228 1743 301 1801 erit:
320 1743 347 1800 ei
366 1743 530 1819 pertulum
548 1744 635 1801 modo
650 1761 702 1800 voe
720 1742 859 1819 languere
877 1742 1018 1816 viderint,

131 1838 194 1913 jam
207 1854 307 1896 omnen
319 1839 427 1896 feroces
438 1839 572 1897 ederunt
626 1837 728 1896 Nolite
742 1840 915 1910 existimare,
930 1840 1020 1916 mnjo-

134 1952 181 1990 ree
199 1938 315 1992 nostroe
334 1935 422 1993 nrmie
436 1934 644 2011 rempublicam
664 1953 703 1993 ex
721 1953 812 2010 parve
830 1952 964 2010 magnum
978 1936 1018 1993 le-
1095 2008 1098 2011 Ι

134 2028 216 2087 nisse.
256 2027 289 2086 si
306 2028 351 2085 ite
369 2047 416 2086 reo
428 2035 511 2102 eeeet,
532 2030 627 2087 multo
642 2030 867 2105 pulcherrimam
886 2047 950 2086 eam
962 2049 1017 2091 noe

134 2124 321 2189 haberemur:
345 2125 452 2201 quippe
474 2125 617 2183 sociorum
631 2132 720 2202 etque
740 2124 858 2194 rivium,
878 2130 1018 2201 praeteren

133 2238 281 2278 armorum
294 2225 382 2295 etque
395 2238 543 2297 equorum,
557 2219 650 2295 major
662 2220 745 2276 nobie
758 2219 840 2295 eopia
856 2238 944 2295 quem
957 2218 1017 2277 illie

134 2320 187 2374 eet
222 2314 280 2373 Sed
293 2314 351 2372 elie
359 2315 447 2386 fuere,
462 2333 527 2390 quoe
539 2315 605 2372 illoe
614 2332 733 2389 magnos
745 2314 920 2389 fecereque
932 2313 1017 2375 nobie

133 2411 217 2468 nullu
236 2415 320 2484 eunt3
345 2411 425 2469 domi
451 2411 604 2479 induntrie,
623 2409 694 2469 forie
714 2409 831 2485 justum
850 2410 1016 2487 imperium,

132 2507 249 2564 enimus
261 2507 295 2562 iu
308 2506 483 2574 consulendo
499 2506 581 2574 liber,
594 2523 689 2581 neque
704 2504 818 2576 delicto,
836 2524 930 2582 neque
942 2505 1018 2562 lubi.

133 2602 199 2660 dini
216 2602 363 2659 obnoxior,
413 2601 472 2660 Pro
485 2600 531 2658 hie
546 2619 600 2658 nos
616 2599 756 2657 hebemus
768 2600 915 2659 luxuriam
927 2608 1018 2679 etque

134 2698 288 2755 avaritiam
297 2715 308 2770 3
336 2696 451 2772 publice
471 2701 637 2772 egestatem,
655 2695 795 2772 privatim
821 2696 1017 2773 opulentinm3

134 2793 287 2851 laudemus
305 2792 432 2864 divitiae,
450 2792 599 2868 sequimur
614 2792 750 2849 inertiam
755 2811 766 2865 3
786 2792 864 2850 iuter
883 2792 973 2850 bonor
985 2798 1017 2850 et

134 2889 225 2955 rnnloe
242 2888 398 2947 discrimen
416 2887 548 2960 nullum3
570 2886 667 2944 omnio
685 2886 804 2944 virtutis
821 2887 941 2963 praemin
958 2904 1019 2943 em·

135 2982 209 3042 bitio
222 2982 357 3060 poeeidet.
402 2982 508 3059 Neque
519 2981 627 3039 mirum
634 2999 643 3053 ς
662 2981 714 3038 ubi
726 2999 778 3039 voe
791 2980 946 3057 seperatim
959 2977 1017 3037 eibi

135 3081 258 3157 quisque
276 3079 429 3137 eonsilium
444 3078 556 3155 cepitis,
574 3077 627 3135 ubi
645 3077 726 3134 domi
740 3075 947 3153 voluptatibus,
967 3073 1017 3133 hio

135 3181 274 3255 pecuniae,
287 3185 340 3239 aut
356 3180 458 3255 gretie
475 3177 602 3235 servitiu:
625 3196 659 3234 eo
672 3176 713 3249 tit,
732 3181 767 3233 ut
781 3175 906 3250 impetun
918 3173 972 3231 fiat
984 3173 1018 3231 in

135 3293 258 3335 vaenum
269 3274 485 3350 rempublioem.
520 3271 577 3331 Sed
590 3270 841 3348 egohoeoomitto.
880 3267 1018 3343 conjure

134 3390 204 3431 vere
224 3369 397 3429 nobilieeimi
415 3369 492 3428 rives
518 3370 644 3446 petrium
663 3366 831 3425 ineendere:
865 3364 1016 3423 Gallorum

1192 3150 1195 3251 Ι

1192 3264 1194 3355 l

1190 3370 1193 3465 l

1189 3502 1192 3589 l

1198 2776 1199 2831 l

1196 2868 1198 2935 l
