2426 3786
360 239 584 303 ultanum
603 240 817 309 ,eluimus
991 247 1031 311 23

142 406 206 451 cam
218 390 391 453 miserorum
401 415 531 457 caussam
541 415 595 472 pro
604 414 670 456 mea
678 399 888 458 consuetudine
900 401 1030 478 suscepi:

141 507 202 551 uon
214 489 290 566 quin
301 510 340 548 as
352 490 481 551 alienum
493 493 567 550 meis
580 494 747 553 nominibus
756 513 795 553 ex
803 496 1033 571 possessionibus

141 586 253 647 solvere
275 606 396 664 possem,
419 608 487 647 cum
509 588 666 648 stelionis
685 591 855 649 nominibus
870 589 1032 650 liberalitas

142 682 297 752 Orestillae,
315 684 377 742 suis
394 683 521 761 filiasque
539 685 639 760 copiis,
655 685 852 761 persolveret:
883 686 934 744 scd
953 685 1030 763 quod

140 797 202 836 non
214 778 316 854 dignos
328 779 460 837 homines
472 780 583 838 honore
591 779 759 838 honestatos
768 780 912 853 videbam,
926 798 1032 858 meque

140 873 214 932 falsa
226 873 388 950 suspicione
399 873 560 933 alienatum
573 875 742 934 sentiebam.
776 875 844 934 Hoc
858 876 976 934 nomine
986 894 1031 934 sa-

139 969 182 1027 tis
193 969 337 1043 honestas,
352 988 406 1047 pro
418 988 483 1028 meo
496 989 574 1042 casu,
588 989 654 1047 spes
665 971 787 1048 reliqua
800 971 953 1048 dignitatis
965 989 1034 1043 cong
1047 984 1050 991 ’

139 1066 289 1124 servandae
309 1085 375 1124 sum
394 1071 519 1125 secutus.
570 1065 665 1123 Plurs
683 1086 751 1124 oum
770 1068 896 1125 scribere
913 1066 1030 1137 vellem,
1044 1095 1067 1139 ,a

139 1161 313 1219 nunciatum
339 1168 384 1221 est
403 1161 465 1220 vim
488 1161 563 1219 mihi
588 1161 695 1238 parari.
743 1162 835 1227 Nunc
861 1161 1031 1227 Orestillam

139 1257 318 1329 commendo,
338 1262 456 1334 tueque
476 1256 545 1315 fidei
563 1255 667 1318 trado:
693 1275 760 1314 eam
785 1257 823 1314 ab
846 1257 957 1334 injuria
980 1256 1030 1319 des

138 1352 250 1423 fendas,
263 1346 316 1429 per
327 1352 434 1411 liberos
445 1359 513 1410 tuos
524 1359 654 1429 rogatus.
694 1351 842 1412 Havetc.’'

200 1448 359 1510 XXXVI.
393 1449 473 1508 ssd·
464 1469 534 1527 ipse,
547 1469 655 1526 paucos
668 1448 730 1507 dies
743 1454 937 1507 commoratus
945 1448 1029 1527 apud

139 1542 173 1603 0
194 1543 410 1603 Flaminium'
401 1565 434 1603 ιιι
460 1565 531 1657 agro
556 1545 709 1619 Arretino,
738 1546 810 1603 dnm
835 1543 1103 1617 vicinitatem„

139 1647 228 1699 antea
240 1642 435 1715 sollicitatam,
455 1642 545 1700 armis
564 1648 698 1715 exornat,
719 1660 786 1699 cum
799 1641 926 1700 fascibus
938 1647 1029 1719 atque

138 1736 240 1794 aliis
230 1739 347 1814 rmperii
373 1735 574 1815 insignibus
564 1757 598 1795 ιιι
623 1743 719 1796 castra
738 1738 777 1796 ad
795 1736 945 1797 Manlium
963 1758 1030 1799 oon·

138 1832 246 1891 tondit.
286 1832 362 1892 Haec
388 1834 441 1893 ubi
466 1833 569 1892 Romae
596 1838 756 1910 comperte,
779 1837 933 1893 senatus‘
935 1832 1030 1894 ‘cati-

138 1925 231 1986 linam
244 1934 275 1987 et
287 1929 434 1988 Manlium
453 1928 551 1988 hostes
567 1928 702 2005 judicat3
723 1934 826 1989 osterse
840 1928 1029 1988 multitudini

139 2022 217 2082 diem
236 2026 351 2101 statuit,
371 2030 441 2083 ante
461 2044 550 2103 quam
563 2024 627 2081 sine
639 2022 743 2083 fraude
761 2023 863 2085 liceret
882 2023 920 2082 ab
938 2025 1029 2083 armis

139 2120 293 2193 discedere,
302 2129 408 2199 prseter
417 2142 516 2183 rerum
525 2122 696 2199 capitalium
703 2121 929 2199 condemnetis.”
951 2121 1029 2181 Pra-

139 2221 220 2274 terea
232 2218 371 2287 decernit,
386 2218 454 2276 “uti
467 2218 599 2276 consules
611 2216 758 2279 deleotum
770 2217 900 2275 habeant
904 2235 913 2290 3
932 2208 1030 2279 Antoss

138 2313 207 2370 nius
219 2333 287 2371 cum
299 2314 431 2373 exercitu
445 2313 604 2373 Catilinam
617 2313 752 2390 persequi
763 2317 893 2371 maturet
898 2332 910 2387 ς
927 2311 1029 2371 (liceto

138 2408 207 2467 urbi
234 2410 368 2485 praesidio
393 2409 459 2467 sit’'
500 2408 546 2467 Ea
571 2413 747 2486 tempestate
772 2406 847 2465 mihi
871 2406 1027 2485 imperium

138 2505 241 2582 populi
261 2504 389 2563 Romani
408 2504 504 2563 multo
523 2505 653 2563 maxime
671 2503 835 2563 miserabile
847 2502 959 2563 visum
979 2503 1028 2564 cui

139 2619 216 2667 cum,
235 2602 273 2658 ad
293 2620 427 2659 occasum
447 2603 485 2659 ab
505 2607 575 2659 ortu
594 2600 672 2683 solis,
692 2599 791 2657 omnia
809 2599 921 2656 domita
939 2598 1028 2657 armis

139 2702 290 2773 peterent3
311 2699 391 2756 domi
403 2698 499 2756 otium
515 2702 605 2774 atque
624 2695 746 2768 divitiae,
767 2712 832 2771 quse
845 2694 940 2771 prima
952 2712 1027 2752 mor·

139 2795 213 2853 tales
225 2802 341 2871 putant,
360 2796 544 2870 adficerent3
562 2796 644 2854 fuere
663 2800 765 2853 temen
784 2791 863 2851 cives
875 2792 927 2868 qui
939 2810 1027 2870 seque

139 2908 259 2966 remque
285 2890 433 2966 publicam
459 2892 614 2951 obstinatis
639 2888 746 2947 animis
771 2887 921 2964 perditum
938 2885 1025 2946 irent.

139 2983 284 3062 Namque,
297 2987 411 3044 duobus
427 2986 523 3045 senati
542 2986 673 3057 decretis,
688 3003 727 3042 ex
738 2988 824 3042 tanta
835 2979 1027 3041 multitudine

138 3100 235 3158 nsque
247 3084 367 3158 praemio
380 3083 519 3142 inductus
531 3082 761 3158 conjurationem
780 3079 964 3157 patefecerat,
966 3125 968 3129 .
978 3095 1027 3136 ne·

139 3200 196 3257 que
210 3200 249 3239 ex
261 3182 363 3240 castris
377 3182 512 3242 Ostilinse
525 3181 681 3259 quisquam
693 3179 826 3239 omnium
837 3177 1025 3237 discesseratr

138 3283 226 3339 tana
244 3277 290 3334 vis
309 3278 412 3353 morbi,
434 3279 480 3336 uti
499 3278 589 3350 tabes,
614 3277 766 3357 plerosque
786 3272 895 3331 civium
913 3266 1038 3399 animos

139 3373 294 3436 invaserat

317 3439 352 3503 ,ι
