2426 3790
338 244 562 305 SALLUSTII
586 245 613 302 J
615 244 825 304 celsam.
988 249 1026 309 47

137 415 217 461 Aera
230 415 279 456 ms
293 415 517 458 meminens
531 416 685 459 seimon
698 417 893 459 naeannnnn:
914 401 1026 474 civitae,

136 494 253 568 trepida
270 505 357 550 antea
371 501 402 550 et
421 495 545 551 sollicita
563 495 599 552 de
619 494 689 553 belli
708 501 824 568 eventu,
839 496 907 555 lacta
925 515 1026 572 agere:

136 587 173 645 de
196 587 320 647 Metello
342 589 420 646 fama
442 590 579 664 praeclara
596 607 665 651 esae.
707 589 805 665 Igitur
827 610 862 647 eo
884 591 1026 649 intentior

135 683 174 743 ad
200 683 354 740 victoriam
379 684 444 755 niti,
466 684 602 741 omnibus
623 685 717 741 modia
740 686 897 743 festinare:
924 704 1025 744 cavere

135 785 244 851 tamen,
259 781 362 837 necubi
372 781 450 837 boati
462 788 644 857 opportunus
658 782 757 839 fieret:
772 781 942 852 meminisse,
958 787 1025 857 poet

134 874 256 949 gloriam
283 876 425 933 invidiam
452 878 541 953 sequi
592 877 650 949 lta,
679 896 737 953 quo
764 877 870 933 clarior
896 882 967 949 emt,
990 896 1024 934 eo

135 969 227 1045 magia
247 971 337 1028 animi
364 973 487 1030 anxius:
507 991 610 1047 neque,
632 978 697 1049 post
716 971 837 1029 insidias
855 970 877 1029 J
880 971 1021 1047 ugurthae,

134 1065 225 1123 effuso
235 1067 365 1123 exercitu
378 1068 502 1143 praedari
516 1088 523 1125 τ
538 1069 589 1126 abi
603 1067 750 1124 frumento
763 1072 816 1123 aut
829 1067 936 1142 pabulo
949 1084 1022 1142 opus

134 1168 206 1232 erat,
217 1162 349 1220 cohortes
358 1181 425 1219 cum
438 1165 517 1220 omni
528 1163 663 1239 equitatu
674 1162 839 1238 praesidium
851 1164 1002 1237 agitabant
1013 1184 1020 1219 :

133 1259 278 1315 exercitus
296 1269 411 1334 partem
430 1260 500 1335 ipse,
516 1260 642 1334 reliquos
656 1258 770 1316 Mariua
790 1258 920 1319 ducebat
963 1258 1021 1315 Sed

132 1351 195 1426 igni
222 1356 321 1428 magis,
342 1373 430 1429 quam
456 1355 561 1430 praeda,
583 1374 651 1430 ager
676 1354 855 1412 vastabatur.
897 1353 1021 1410 Duobus

123 1446 212 1519 iocis,
233 1447 312 1505 haud
330 1449 417 1525 longe
436 1450 518 1507 inter
543 1469 582 1519 ee,
603 1457 699 1508 caetra
725 1451 889 1509 faciebant:
917 1451 969 1508 ubi
989 1452 1020 1508 vi

132 1562 205 1620 opus
224 1552 295 1615 erat,
317 1547 417 1603 cuncti
436 1547 558 1604 aderant
567 1565 576 1618 3
605 1552 743 1616 ceterum,
763 1566 822 1623 quo
842 1547 912 1622 suga
930 1552 1020 1623 atque

131 1639 256 1696 formido
268 1641 357 1698 latina
370 1648 517 1713 cresceret,
532 1643 641 1699 diversi
654 1644 785 1718 agebant.
829 1642 872 1698 Eo
888 1649 1019 1718 tempore

131 1734 153 1792 J
155 1736 282 1810 ugurtha
301 1756 353 1813 per
372 1739 459 1796 colles
478 1739 579 1814 aequi:
599 1743 715 1813 tempus
730 1743 783 1794 eut
798 1735 894 1792 locum
914 1754 1018 1811 pugnae

131 1851 278 1908 quaerere:
305 1853 364 1910 qua
389 1839 548 1891 venturum
571 1834 685 1891 hostem
705 1833 846 1903 audierat,
867 1831 1015 1907 pabulum,

131 1935 162 1987 et
173 1948 313 2006 aquarum
328 1932 430 2002 fontes,
445 1951 570 2007 quorum
588 1930 712 2006 penuria
730 1934 800 1999 erat,
815 1946 998 2003 corrumpere
1010 1917 1023 1986 τ’

130 2024 216 2081 modo
235 2044 266 2082 ae
286 2026 416 2098 Metello,
434 2027 583 2083 interdum
603 2026 700 2082 Mario
720 2025 889 2082 ostendere:
910 2031 1017 2099 postre-

129 2139 194 2178 mos
217 2122 249 2178 in
270 2124 386 2197 agmine
409 2130 531 2194 tentare,
553 2123 707 2180 aestatim
727 2123 760 2179 in
779 2121 866 2178 colles
885 2120 1016 2196 regredi5

130 2235 231 2275 ruram
257 2218 328 2290 aliia,
350 2225 416 2295 pest
436 2219 510 2289 aliia,
531 2219 680 2290 minitari3
706 2236 801 2293 neque
820 2215 954 2292 praelium
977 2216 1016 2272 fa

130 2331 203 2383 cere,
223 2311 318 2389 neque
337 2315 431 2371 otium
450 2317 533 2391 pati3
558 2313 762 2371 tantummodo
782 2313 896 2370 hostem
914 2311 953 2369 ab
972 2311 1016 2368 in·

129 2416 214 2485 cepto
226 2413 359 2470 retinere.

188 2506 271 2565 LVI.
314 2508 467 2565 Romanus
493 2507 660 2587 imperatae,
681 2506 734 2564 nbi
753 2525 784 2564 ae
805 2492 879 2563 delia
898 2506 1015 2582 fatigari

128 2603 218 2674 videt,
240 2622 334 2679 neque
353 2605 391 2660 ab
410 2605 494 2661 hoste
513 2604 625 2680 copiam
646 2602 797 2680 pugnandi
819 2602 891 2674 fieri,
913 2602 1015 2659 urbem

128 2717 271 2774 magnam,
294 2705 324 2756 et
344 2700 376 2756 in
396 2719 431 2756 ea
450 2704 540 2775 parta,
561 2718 620 2775 qua
639 2699 696 2755 aita
716 2704 787 2769 erat,
809 2715 904 2753 arcem
923 2697 1014 2772 regni,

25 2866 30 2883 ἡ
127 2798 246 2855 nomine
259 2797 385 2870 Zamam,
401 2798 507 2854 statuit
520 2796 705 2872 obpugnare;
725 2801 814 2866 ratus,
829 2794 861 2850 id
875 2794 953 2870 qnod
965 2813 1015 2851 ne·

127 2896 241 2970 gotium
253 2895 395 2971 poscebat,
411 2896 432 2952 J
435 2894 590 2971 ugurtham
608 2893 806 2950 laborantibus
827 2893 887 2949 anie
904 2891 1015 2948 auxilio

127 2999 294 3065 venturum,
315 2993 413 3069 ibique
432 2992 567 3068 praelium
586 2991 655 3048 fore.
698 2989 745 3046 At
771 2990 829 3060 ille,
850 3006 914 3064 quae
935 3005 1016 3061 para-

126 3090 243 3160 bantur,
252 3109 271 3148 e
284 3091 412 3167 perfugia
425 3092 552 3162 edoctus,
563 3089 676 3165 magnis
689 3089 845 3146 itineribus
857 3084 1014 3143 Metellum

126 3188 279 3245 antevenit
288 3205 298 3257 ;
318 3188 478 3264 oppidanos
493 3187 636 3255 hortatur,
655 3186 760 3243 moenia
780 3182 947 3254 defendant,
965 3181 1015 3239 ad·

127 3283 198 3341 ditia
211 3283 322 3341 auxilio
334 3283 472 3360 perfugia,
486 3283 564 3359 quod
577 3299 669 3358 genua
682 3298 720 3337 ex
738 3280 828 3354 copiis
846 3278 931 3353 regia,
945 3279 1015 3355 quia
1089 3354 1092 3361 Ι

127 3379 227 3437 fallere
240 3378 389 3457 nequibat,
403 3379 607 3437 firmissimum.
645 3376 790 3434 Praeterea
806 3374 968 3465 pollicetur,
981 3374 1014 3430 in
