2426 3790
181 227 218 284 10
376 201 600 281 intrusum
622 215 859 278 Juousrus.

177 397 267 436 suum·
275 397 341 435 cum
354 376 451 435 animo
461 380 607 451 reputans,
618 373 723 431 timere
735 372 877 449 populum
888 369 1064 443 Romanum,

140 459 273 550 &neque
291 474 429 531 adversus
446 473 521 529 iram
535 472 598 547 ejus
612 490 744 548 usquam,
764 469 822 527 nisi
834 469 867 525 in
880 468 1004 525 avaritia
1015 486 1067 524 no-

178 571 302 628 bilitatis
319 576 351 628 et
367 570 491 645 pecunia
509 588 569 641 sua,
593 587 673 644 spem
686 567 800 626 habere.
843 567 948 642 Itaque
966 566 1066 642 paucis

179 667 281 725 dicbus
290 685 356 723 cum
366 686 437 723 auro
450 672 481 724 ct
490 672 612 742 argento
625 666 720 724 multo
731 666 860 725 Romam.
870 664 972 735 mittit,
984 664 1066 741 queis

178 762 323 839 praecepit,
345 763 474 838 primum
492 764 539 819 uti
560 769 673 819 veteres
695 763 803 819 amicos
825 761 995 818 muneribus
1017 779 1066 817 ex-

148 919 152 926 ,
179 858 294 934 pleant3
317 858 422 915 deinde
434 877 525 916 novos
538 858 696 935 adquirant
701 878 710 931 3
731 863 885 934 postremo,
899 874 1066 934 quemcum-

179 972 236 1029 que
249 953 361 1029 possint
374 954 521 1030 largiendo
535 973 644 1030 parare,
660 974 697 1012 nc
711 959 893 1011 cunctentur.
933 952 998 1022 Sed,
1013 952 1066 1009 ubi

144 1046 305 1106 'Romam
322 1050 415 1125 legati
430 1069 544 1121 venere,
566 1056 604 1121 et,
626 1068 663 1107 ex
681 1055 824 1126 praecepto
842 1050 926 1125 regis,
947 1049 1066 1125 hospiti-

134 1148 136 1151 ’
179 1144 242 1216 bus,
254 1145 385 1221 aliisque,
396 1164 522 1222 quorum
535 1165 569 1203 ea
578 1150 752 1221 tempestate
762 1145 919 1203 auctoritas
929 1144 1064 1220 pollebat,

179 1257 285 1315 magna
298 1259 420 1297 mimera
437 1240 540 1298 misere
545 1260 555 1315 3
579 1246 664 1297 tanta
677 1241 867 1298 commutatio
879 1241 1004 1310 incessit,
1020 1240 1066 1296 uti

180 1355 219 1394 ex
236 1339 364 1393 maxima
382 1338 495 1395 invidia
515 1338 547 1395 in
566 1339 691 1415 gratiam
707 1345 738 1396 et
754 1339 883 1396 ilsvorem
904 1337 1067 1394 nobilitatis

180 1432 202 1490 J
204 1434 331 1510 ugurtha
337 1435 451 1493 veniret
458 1454 468 1507 ;
482 1454 608 1512 quorum
616 1455 683 1511 pars
692 1455 749 1511 spe,
757 1435 809 1492 alii
817 1435 936 1511 praemio
944 1434 1065 1504 inducti,

180 1531 308 1606 singulos
321 1549 359 1589 ex
373 1531 483 1589 Senatu
496 1532 658 1603 ambiendo,
669 1533 848 1603 nitebantur,
859 1551 898 1589 ne
907 1531 1022 1607 mamus
1031 1530 1068 1586 -in

181 1647 248 1684 eum
270 1628 476 1687 consuleretur.
518 1629 623 1706 Igitur,
644 1629 735 1706 legati
752 1630 804 1687 ubi
820 1629 891 1709 satis
908 1627 1066 1697 confidunt,

180 1722 228 1783 dis
244 1726 413 1797 constituto,
436 1730 552 1782 senatus
572 1725 705 1802 utrisque
721 1725 816 1784 datur.
859 1725 935 1783 Tum
953 1724 1069 1782 Adher·

181 1819 277 1877 balem
292 1819 346 1878 hoc
359 1821 446 1878 modo
458 1820 590 1879 locutum
603 1821 774 1899 accepimus.
808 1836 811 1842 '

240 1914 333 1974 XIV.
376 1916 506 1975 “Patres
529 1919 693 1994 conscripti,
719 1918 851 1994 Micipsa,
877 1923 961 1994 pater
986 1936 1074 1974 meus·

181 2011 308 2069 moriens
328 2014 472 2088 praecepit,
487 2014 534 2070 uti
554 2033 678 2090 regnum
694 2015 843 2072 Numidiae
863 2014 1069 2071 tantummodo

181 2090 384 2181 procuratione
404 2109 602 2166 existimarem
622 2129 735 2183 meum3
757 2118 885 2169 ceterum
900 2112 999 2187 juset
1018 2112 1070 2167 im·

181 2199 296 2276 perium
316 2220 405 2276 penes
425 2222 478 2260 vos
497 2221 575 2261 esse:
594 2205 683 2261 simul
700 2206 827 2263 eniterer
844 2206 924 2263 domi
943 2206 1070 2262 militiss-

182 2312 238 2370 que
252 2316 340 2371 quam
353 2299 482 2356 niaximo
495 2301 563 2356 usui
576 2320 636 2358 esse
649 2303 756 2378 populo
769 2302 920 2360 Romano:
935 2321 986 2360 ros
996 2303 1070 2359 mihi

182 2402 379 2470 cognatorum,
390 2414 442 2453 vos
451 2397 592 2454 adfinium
606 2398 668 2456 loco
678 2399 829 2456 ducerem:
843 2399 868 2456 si
882 2418 916 2456 ea
929 2398 1068 2468 fecissem,

182 2490 215 2548 in
226 2495 321 2548 vestra
335 2494 463 2552 amicitia
473 2496 643 2565 exercitum,
656 2494 782 2567 divitias,
793 2496 976 2552 munimenta
988 2496 1070 2571 regni

183 2585 297 2646 habere.
340 2589 412 2659 Quae
435 2610 502 2648 cum
524 2596 668 2667 praecepta
688 2591 818 2666 parentis
840 2592 899 2648 mei
919 2591 1069 2667 agitarem,

183 2684 341 2760 Juguxths,
362 2685 450 2743 homo
468 2687 599 2744 omnium
619 2705 691 2762 quos
710 2692 790 2744 terra
807 2687 933 2743 sustinet
951 2685 1070 2743 scelera·

183 2783 321 2856 tissimus,
354 2791 521 2862 contempto
550 2785 673 2862 imperio
699 2789 804 2857 vestro,
833 2783 997 2841 Masinissae
1023 2801 1071 2839 me

183 2886 326 2957 nepotem,
348 2882 458 2958 etjam
478 2882 515 2939 ab
535 2882 626 2957 stirpe
646 2881 755 2938 socium
772 2885 803 2937 et
821 2878 947 2936 amicum
963 2878 1072 2956 populo

184 2975 328 3048 Romano,
345 2995 435 3052 regno
451 2977 634 3053 fortunisque
650 2977 784 3033 omnibus
803 2975 926 3051 expulit.
967 2975 1071 3050 Atque

183 3094 244 3153 ego,
254 3074 358 3133 Patres
367 3074 532 3150 conscripti,
542 3074 682 3151 quoniam
692 3092 726 3131 eo
738 3073 921 3131 miseriarum
930 3079 1072 3130 venturus

184 3188 270 3241 eram,
284 3170 399 3242 vellem,
414 3171 513 3245 potius
531 3171 569 3228 ob
583 3189 655 3241 mea,
670 3188 759 3245 quam
777 3169 814 3226 ob
828 3170 971 3246 majorum
987 3169 1071 3227 bene

183 3265 257 3336 ficia,
278 3284 361 3341 posse
381 3266 527 3324 auxilium
547 3271 646 3342 petere
651 3285 661 3339 3
682 3283 715 3323 so
735 3267 863 3323 maxims
881 3264 980 3323 deberi
997 3261 1070 3320 mihi

184 3379 202 3417 a
216 3361 322 3436 populo
336 3362 478 3435 Romano,
498 3363 605 3440 quibus
620 3381 681 3420 non
697 3381 811 3439 egerem
816 3382 827 3436 3
849 3362 1015 3428 secundum,
1035 3378 1070 3416 ea
