2432 3788
318 178 335 189 ’”
369 224 589 284 sruausru
612 223 847 286 Juouerm.
1033 227 1051 285 5

163 380 279 450 Quibus
298 379 385 438 robus
405 380 531 456 Micipsa
545 382 663 439 tametsi
679 382 766 439 initio
786 382 871 439 laetus
884 382 987 454 fuerat,
1004 400 1053 439 ex-

161 479 295 535 istimans
316 478 459 536 virtutem
481 480 639 555 Jugurthee
660 499 750 555 regno
772 499 824 537 suo
846 479 946 555 gloriae
969 478 1031 535 fore
1040 498 1051 550 ‚·

160 580 269 645 tamen,
287 581 443 650 postquam
465 575 613 632 hominem
634 576 856 647 adolescentem,
878 580 981 633 exacta
1000 593 1052 631 suu

160 673 247 725 aetate
259 675 291 726 et
303 670 402 746 parvis
422 670 530 743 liberis,
551 672 644 747 magis
663 672 813 749 magisque
826 690 954 729 crescere
966 669 1052 727 intel·

60 788 63 793 ⁴
160 763 236 838 tigit,
249 765 438 823 vehementer
449 768 567 842 negotio
580 774 736 843 permotus,
752 768 847 825 multa
866 788 933 825 cum
952 768 1051 825 animo

161 880 216 919 suo
227 862 370 921 volvebat
412 863 553 922 Terrebat
572 871 679 922 natura
698 867 875 938 mortalium,
895 864 981 923 avida
1000 865 1052 921 im·

161 959 244 1033 perii,
258 966 289 1017 et
302 979 429 1036 praeceps
442 960 480 1017 ad
493 961 668 1037 explendam
680 962 773 1018 animi
786 963 967 1038 cupidinem:
981 980 1052 1037 prse-

161 1058 242 1110 terea
261 1056 463 1129 opportunitas
484 1074 608 1132 suaeque⁴
624 1063 655 1114 et
676 1058 835 1114 liberorum
859 1059 963 1124 aetatis,
985 1077 1051 1132 quae

161 1151 251 1206 etiam
269 1150 426 1206 mediocres
438 1151 515 1207 viros
529 1170 580 1226 spe
592 1151 695 1228 praedae
716 1160 895 1209 transversos
913 1153 992 1228 agit:
1013 1152 1051 1208 ad

161 1246 224 1316 hoo,
248 1245 347 1302 studia
367 1244 564 1303 Numidarum
587 1247 621 1303 in
643 1247 823 1323 Jugurtham
844 1267 984 1320 accensa3
1012 1266 1050 1305 ex

161 1342 275 1416 quibus,
290 1339 418 1397 sitalem
431 1342 528 1397 virum
541 1341 616 1399 dolis
636 1342 837 1414 interfecisset,
852 1361 890 1400 ne
903 1361 965 1418 qua
977 1340 1050 1399 sedi·

161 1439 213 1509 tio,
227 1443 280 1494 aut
292 1437 403 1494 bellum
417 1438 551 1508 oriretur,
567 1438 674 1495 anxius
687 1443 758 1496 erat.

221 1532 300 1590 VII.
341 1531 400 1589 His
414 1533 635 1592 difficultatibus
659 1536 881 1606 circumventus,
898 1533 950 1590 ubi
966 1531 1049 1589 videt

161 1647 256 1705 neque
268 1628 403 1704 pervim,
417 1648 512 1705 neque
525 1631 648 1703 insidiis,
665 1631 790 1706 opprimi
802 1649 885 1706 posse
898 1629 1048 1687 hominem

161 1729 223 1780 tam
235 1729 386 1798 acceptum
398 1725 587 1800 popularibus
592 1746 602 1798 ;
623 1726 700 1802 quod
715 1731 777 1783 erat
790 1726 812 1783 J
813 1725 940 1801 ugurtha
958 1744 1048 1783 manu

161 1825 313 1894 promptus
326 1824 357 1875 et
370 1819 508 1895 adpetens
527 1821 624 1896 gloriae
638 1821 783 1893 militaris,
799 1821 905 1878 statuit
918 1841 985 1877 eum
999 1822 1048 1878 ob·

156 1915 267 1989 jectare
280 1916 423 1990 periculis,
437 1923 468 1974 et
478 1936 512 1974 eo
524 1918 610 1974 modo
623 1918 773 1974 fortunam
786 1923 909 1975 tentare.
940 1916 1045 1992 Igitur,

119 2000 122 2007 ⁴
161 2013 237 2071 bello
254 2011 447 2084 Numantino,
462 2012 595 2088 Micipsa,
615 2032 682 2070 oum
700 2011 807 2088 populo
821 2011 955 2068 Romano
968 2012 1048 2087 equi-

160 2114 225 2166 tum
245 2115 333 2185 atque
352 2108 484 2184 peditum
503 2108 616 2165 auxilia
634 2108 775 2178 mitteret,
796 2124 923 2181 sperans,
937 2106 985 2162 vel
1005 2124 1048 2163 os-

160 2203 301 2261 tentando
323 2202 472 2272 virtutem,
497 2202 545 2259 vel
567 2202 695 2258 hostium
722 2202 842 2271 saevitia,
871 2200 955 2259 facile
979 2220 1046 2259 eum

161 2316 335 2368 occasurum,
349 2298 477 2372 praefecit
491 2296 630 2354 Numidis
644 2316 717 2371 quos
732 2297 765 2352 in
783 2295 961 2371 Hispaniam
979 2297 1046 2352 mit

160 2396 250 2453 tebet.
293 2393 350 2450 Sed
366 2412 400 2451 ea
419 2412 465 2450 res
481 2393 566 2468 longe
584 2393 678 2462 aliter,
696 2412 730 2450 ac
748 2398 830 2449 ratus
849 2398 921 2464 erat,
937 2393 1043 2451 evenit.

161 2490 241 2549 Num
259 2490 416 2566 Jugurtha,
437 2495 473 2546 ut
494 2495 557 2546 erat
578 2488 704 2564 impigro
727 2494 816 2562 atque
840 2489 900 2545 acri
918 2488 1044 2563 ingenio,

160 2586 213 2643 ubi
225 2592 360 2644 naturam
375 2585 407 2645 P.
423 2585 574 2661 Scipionis,
589 2585 718 2661 quitum
733 2584 875 2640 Romanis
887 2585 1046 2660 imperator

161 2688 231 2754 crat,
251 2689 282 2739 ot
301 2699 410 2739 morem
429 2681 559 2738 hostium
579 2680 722 2755 cognovit,
738 2679 832 2736 multo
852 2679 959 2750 labore,
974 2679 1046 2737 mul-

132 2772 135 2779 ’
160 2783 249 2855 taque
269 2796 346 2849 cura,
368 2782 507 2852 praeterea
526 2776 736 2832 modestissime
763 2774 899 2850 parendo,
922 2780 952 2831 et
972 2791 1046 2847 saepe

159 2873 274 2931 obviam
293 2873 388 2929 eundo
405 2872 548 2947 periculis,
566 2872 599 2928 in
618 2876 733 2928 tantam
745 2871 949 2928 claritudinem
962 2869 1045 2925 brevi

159 2975 340 3046 pervenerat,
361 2972 396 3024 ut
415 2967 522 3023 nostris
536 2966 725 3023 vehementer
744 2985 836 3037 carus,
852 2963 1044 3020 Numantinis

159 3065 286 3122 maximo
300 3062 406 3120 terrori
422 3068 503 3119 esset.
546 3061 593 3119 Ao
606 3080 683 3133 sane,
699 3061 777 3136 quod
795 3060 998 3117 difficillimum
1011 3059 1045 3117 in

159 3160 260 3236 primis
275 3167 328 3230 est,
343 3166 374 3215 et
386 3157 487 3234 praelio
504 3163 640 3214 strenuus
657 3161 728 3226 erat,
750 3160 780 3212 et
799 3155 891 3211 bonus
905 3152 1043 3226 consili03

159 3274 280 3331 quorum
302 3254 428 3311 alterum
446 3272 484 3309 ex
503 3251 686 3328 providentia
703 3251 846 3320 timorem,
867 3249 992 3305 alterum
1005 3268 1044 3306 ex

159 3352 278 3409 audacia
290 3351 496 3422 temeritatem,
511 3348 623 3406 adferre
637 3347 808 3423 plerumque
822 3344 902 3402 solet.
946 3343 1044 3418 Igitur
