2426 3786
353 279 813 353 *slaa'uurll'oarrtluu
992 292 1027 352 19

134 441 256 514 colonie,
272 440 378 520 quibus
386 443 492 501 ‘lubido
504 451 593 521 atque
606 444 725 503 luxuria
738 465 777 503 ex
790 443 903 522 magnis
915 444 1027 521 rapinis

135 537 215 596 nihil
228 538 334 615 reliqui
347 539 483 601 fecerant
1084 534 1087 543 ’

198 634 325 693 XXIX.
366 634 411 693 Ea
428 654 496 694 cum
515 634 649 692 Ciceroni
665 635 887 707 nunciarentur,
905 634 1028 712 ancipiti
1121 634 1126 647 “

136 729 217 788 malo
229 735 387 807 permotus,
401 730 480 807 quod
497 748 595 807 neque
610 731 714 789 urbem
730 732 770 788 ab
781 729 896 788 insidiis
912 731 1028 806 privetu

136 827 262 903 consilio
280 827 397 904 longius
414 828 492 886 tueri
512 832 635 903 poterut,
650 844 744 904 neque
757 826 904 885 exercitus
917 825 1028 885 Manlii

136 930 276 1002 quantus,
297 930 351 983 aut
370 943 430 1001 quc
449 924 569 982 consilio
588 925 673 997 foret,
692 925 764 982 eatis
779 928 960 1001 compertum
977 922 1028 983 hs-

132 1020 235 1093 ·bebut
256 1039 319 1078 rem
339 1020 376 1078 ud
394 1026 528 1077 senatum
541 1019 638 1091 refert,
648 1020 712 1095 jam
733 1025 822 1079 antea
836 1018 920 1095 vulgi
931 1037 1029 1077 rumc-

135 1117 221 1175 ribus
240 1117 427 1192 exagitatam,
467 1115 582 1192 Itaque,
596 1114 676 1193 qnod
692 1115 866 1193 plerumque
884 1117 918 1174 in
933 1115 1027 1175 atruci

132 1213 256 1289 negotio
275 1212 358 1284 solet,
379 1217 497 1295 senatus
517 1211 654 1282 decrevit,
675 1227 796 1271 nsunur
814 1227 935 1270 ornusu
957 1227 1027 1275 unu·

137 1324 230 1368 sunus
250 1324 291 1366 un
313 1324 389 1376 Qum
407 1322 588 1368 nussusnrcu
600 1322 784 1365 nursinum
803 1322 945 1368 ennam
982 1306 1028 1365 Fe

135 1408 267 1482 potestas
296 1422 350 1480 per
379 1410 521 1475 senatum,
558 1421 639 1460 mone
669 1401 812 1474 Romano,
841 1402 1027 1478 magistratui

135 1502 268 1560 maxima
279 1503 481 1579 permittitur3
501 1501 662 1559 exercitum
676 1520 786 1577 parare,
800 1498 909 1558 bellum
917 1518 1025 1575 gerere,

137 1615 269 1655 coercere
281 1598 417 1654 omnibus
429 1597 523 1655 modis
535 1597 628 1654 socios
639 1602 729 1674 atque
741 1598 819 1655 cives
829 1616 843 1671 ς.
858 1596 937 1655 (lumi
950 1596 1028 1655 mili·

137 1691 247 1768 tiaeque
273 1691 429 1769 imperinm
457 1697 546 1768 atque
561 1690 708 1767 judicium
727 1709 875 1748 summum
900 1690 1026 1751 hebere:

137 1788 234 1861 aliter,
249 1788 313 1846 sine
332 1788 433 1866 populi
448 1787 542 1863 jussu,
561 1786 673 1845 nulline
688 1805 788 1846 earum
801 1806 900 1846 rerum
914 1788 1029 1847 consuli
1050 1853 1053 1859 ,

131 1885 184 1963 jus
198 1890 250 1942 est.

197 1978 303 2039 XXX
346 1978 419 2036 Post
434 1996 540 2054 paucos
561 1978 623 2036 dies
643 1976 677 2038 Ιι.
700 1974 822 2050 Stenius,
844 1983 969 2049 senetur,
989 1978 1022 2036 in

136 2082 241 2134 senatu
253 2076 367 2133 litteras
379 2074 523 2147 recitavit,
537 2095 610 2152 quae
622 2074 745 2133 Faesulis
758 2075 870 2133 adlatas
882 2075 939 2133 sibi
951 2074 1025 2133 dice

136 2171 189 2229 bat
194 2191 204 2246 3
222 2173 256 2229 in
274 2172 382 2249 quibus
402 2173 544 2248 scriptum
563 2176 635 2244 erat,
657 2170 688 2231 0.
711 2170 859 2229 Manlium
879 2189 961 2229 arma
979 2189 1023 2230 cs·

136 2267 221 2344 pisse,
235 2285 303 2324 cum
315 2284 422 2343 magns
433 2265 632 2337 multitudine,
646 2271 715 2324 ante
728 2266 806 2325 diem
816 2282 857 2325 vl.
872 2265 1024 2326 Kalendae

137 2361 328 2420 Novembres.
370 2362 472 2433 Simul,
487 2361 519 2419 iu
536 2361 614 2438 quud
632 2362 665 2418 in
680 2361 735 2419 teli
751 2381 785 2419 ne
800 2361 882 2429 solet,
895 2361 947 2420 elii
959 2382 1024 2439 por.-

135 2462 220 2516 tenu
232 2463 321 2534 atque
333 2457 467 2535 prodigia
483 2457 685 2531 nunciabunt3
705 2457 756 2516 elii
773 2463 934 2516 conventus
950 2457 1022 2530 fieri,

136 2570 220 2609 arma
238 2554 358 2629 portari,
376 2552 482 2629 Capua
501 2558 590 2630 atque
609 2553 643 2610 in
661 2551 776 2628 Apulia
791 2551 897 2611 servile
914 2551 1024 2613 bellum
1082 2537 1086 2540 ‚

136 2649 257 2706 moven'.
296 2649 404 2725 Igitur,
431 2651 526 2707 senati
544 2650 666 2722 decretu,
687 2648 722 2720 Q.
741 2648 870 2707 Marcius
882 2649 950 2708 Rex
962 2649 1023 2709 lue

135 2743 223 2815 sulus,
251 2744 288 2815 Q.
317 2744 458 2803 Metellus
483 2746 618 2804 Creticus
635 2745 668 2801 in
687 2744 831 2820 Apuliam
856 2743 1024 2822 circumque

136 2837 207 2911 loca,
228 2840 329 2900 missi:
348 2840 381 2898 hi
396 2841 515 2918 utrique
532 2842 571 2900 ad
589 2840 692 2899 urbem
711 2840 901 2918 imperatores
920 2845 1006 2898 erant
1013 2861 1024 2916 3

136 2935 279 3012 impediti,
293 2956 332 2994 ne
344 2936 571 3014 triumpharent,
585 2936 732 2995 calumnie
740 2955 907 3014 paucorum,
917 2935 1024 3012 quibus

136 3031 235 3090 omnia
242 3031 366 3092 honesta
377 3039 467 3110 atque
479 3033 636 3093 inhonesta
647 3035 774 3093 vendere
786 3052 849 3092 mos
861 3038 934 3093 erat.
965 3031 1023 3091 Sed

135 3132 281 3204 praetores,
311 3128 346 3198 Q.
368 3128 527 3204 Pompeius
548 3130 647 3189 Rufus
667 3129 806 3207 Oapuem,
825 3128 861 3200 Q.
881 3127 1024 3187 Metellus

137 3223 221 3282 Celer
232 3223 266 3281 in
279 3243 382 3300 agrum
395 3225 557 3299 Picenum3
573 3226 678 3303 hisque
693 3227 874 3305 permissum,
890 3228 909 3261 “
916 3223 962 3283 uti
968 3242 1023 3302 pru

88 3392 93 3397 ι
136 3326 267 3398 tempore
279 3328 369 3400 atque
381 3324 510 3400 periculo
526 3324 688 3382 exercitum
706 3320 931 3399 compararent?
969 3321 1023 3382 Au

136 3415 200 3495 hoc,
222 3417 276 3478 “si
287 3419 353 3498 quis
371 3419 557 3481 indicavisset
576 3419 613 3479 de
626 3417 833 3498 conjuratione,
846 3436 912 3495 que
921 3421 1023 3476 contra

865 3528 942 3597 a-a
