2426 3786
177 250 226 312 12'
392 249 613 311 SALLUSTII
637 249 853 312 coritium

173 401 355 481 interrtfgttt
382 420 485 480 poenas
508 403 655 463 dederant
701 401 773 462 Post
798 404 896 481 paullo
920 403 1056 477 Catilina,

173 502 362 577 pecuniarum
381 499 609 576 repetundarum
628 519 703 571 reus,
723 502 888 576 prohibitus
907 507 971 559 erat
990 522 1057 560 con-

174 595 302 653 sulatum
327 600 433 671 petere,
460 595 547 671 quod
564 596 644 653 intra
669 596 815 671 legitimos
841 596 902 654 dies
928 597 1058 673 profiteri

155 688 347 766 [nequiverit.
387 689 461 748 Erat
486 690 588 747 eodem
601 691 744 768 'tempore
770 691 821 750 On.
848 691 924 764 Piso,
951 693 1059 751 adoles·

173 807 242 846 cens
261 788 375 856 nobilis,
396 805 516 844 summes
535 787 670 859 audaciae,
693 806 786 863 egens,
807 788 951 860 factiosus,
969 807 1058 864 quem

174 883 213 941 sd
225 883 451 959 perturbandam
460 883 669 958 rempublicam
679 883 778 959 inopie
786 887 874 959 atque
885 884 953 940 mali
964 902 1057 940 mores

174 978 375 1036 stimulabant.
416 977 491 1035 (ium
510 977 565 1035 hoc
585 977 714 1036 Catilina
734 983 765 1036 et
784 978 958 1050 Autronius,
982 979 1058 1035 circa

175 1073 279 1132 Nonas
292 1072 476 1144 Decembres,
491 1073 610 1131 consilio
623 1075 843 1145 communicato,
865 1075 1007 1150 parabant
1027 1074 1059 1131 in

177 1168 329 1245 Capitolio,
351 1167 496 1225 Kalendis
515 1167 674 1238 dorsariis,
695 1167 728 1227 L
749 1168 866 1226 Cottam
885 1175 917 1226 et
935 1169 970 1227 L.
991 1169 1062 1226 'Por-

176 1269 300 1339 quatum
320 1263 452 1321 consules
471 1264 635 1321 interficere
644 1282 654 1334 ;
680 1263 745 1340 ipsi,
766 1264 890 1322 fascibus
910 1267 1058 1341 correptis,

177 1358 318 1416 Pisonem
336 1378 403 1416 cum
423 1359 554 1416 exercitu
573 1359 611 1416 ad
630 1359 802 1416 obtinendas
814 1359 886 1416 duas
899 1359 1059 1435 Hispanias

176 1456 301 1515 mittere.
343 1454 389 1512 Ea
408 1475 440 1514 re
460 1456 584 1531 cognita,
605 1475 707 1514 rursus
726 1457 759 1513 in
772 1456 874 1514 Nonas
887 1456 1061 1517 Februarias

169 1552 330 1610 >consilium
344 1552 430 1610 caedis
442 1551 663 1612 transtulerant.
703 1552 725 1610 J
725 1571 772 1610 am
785 1558 851 1610 tum
863 1573 923 1611 non
936 1554 1060 1611 consuli·

175 1646 230 1705 bus
243 1646 336 1719 modo,
350 1646 400 1703 sed
413 1645 563 1722 plurisque
573 1646 762 1720 senatoribus,
782 1649 938 1723 perniciem
952 1649 1060 1706 machi·

176 1743 331 1801 nubentur.
382 1742 467 1811 Quod
493 1744 525 1800 ni
550 1743 680 1801 Catilina
703 1748 876 1802 maturasset
901 1765 954 1822 pro
980 1746 1065 1804 curia

177 1837 294 1913 signum
313 1837 398 1896 sociis
417 1838 492 1911 dare,
515 1858 548 1897 eo
568 1839 616 1898 die
635 1847 700 1916 post
720 1840 867 1898 conditam
883 1844 985 1900 urbem
1003 1843 1064 1899 Ro·

176 1951 292 1990 manam
305 1934 460 2009 pessimum
478 1934 590 1992 facinus
610 1936 857 2010 patratumioret.
898 1937 974 2006 Quia
991 1957 1068 2011 non-⁴

177 2027 249 2084 dum
266 2027 431 2104 frequentes
448 2030 555 2087 armati
572 2036 768 2089 convenerant
787 2050 821 2088 ea
840 2050 888 2089 res
906 2032 1061 2090 consilium

177 2125 302 2185 diremit.

191 2266 195 2271 ι
236 2221 329 2281 XIX.
365 2221 469 2281 Postea
478 2223 548 2281 Piso
561 2223 593 2281 in
607 2225 769 2282 citeriorem
780 2224 957 2300 Hispaniam
970 2243 1061 2300 quoes·

177 2323 227 2375 tor
251 2338 303 2394 pro
328 2326 451 2396 praetore
471 2321 575 2378 missus
595 2328 647 2392 est,
676 2321 828 2378 adnitente
848 2319 959 2391 Crasso,
981 2319 1059 2395 quod

178 2431 245 2477 eum
258 2415 397 2473 infestum
410 2416 562 2474 inimicum
572 2415 625 2476 On.
636 2415 774 2493 Pompeio
787 2418 967 2490 cognouerat
1000 2412 1060 2470 Ne-

178 2526 236 2584 que
248 2512 347 2565 tamen
360 2515 477 2569 senatus
490 2511 669 2587 provinciam
682 2510 794 2566 invitus
804 2509 923 2567 dederat
929 2528 938 2581 ς
951 2508 1060 2584 quippe

178 2604 286 2665 foedum
297 2604 442 2664 hominem
453 2607 626 2683 erepublica
638 2605 738 2682 procul
749 2624 809 2663 essa
818 2605 948 2677 volebat3
963 2605 1059 2674 simul,

179 2701 249 2778 quia
260 2699 331 2757 boni
343 2702 505 2777 complures
516 2702 681 2778 prmsidium
694 2701 727 2758 in
740 2720 774 2758 eo
786 2701 931 2777 putabant
936 2718 945 2771 ;
959 2705 989 2756 et
996 2700 1061 2775 jam

179 2802 245 2857 tum
264 2796 395 2879 potentia
415 2796 467 2856 (in
489 2797 622 2874 Pompeii
640 2796 824 2854 formidolosa
844 2801 913 2854 erat.
958 2794 1017 2853 Sed
1035 2796 1061 2853 is

180 2893 248 2952 Piso
260 2894 293 2950 in
306 2893 455 2970 provincia
466 2894 504 2951 ab
517 2895 665 2970 equitibus
678 2893 828 2970 Hispanis,
841 2911 913 2967 quos
930 2890 963 2947 in
980 2907 1061 2947 exer·

179 2990 241 3049 citu
260 2990 406 3062 ductabat,
426 2991 484 3048 iter
502 2992 610 3049 faciens
629 2990 738 3048 occisus
757 2994 808 3050 est
851 2987 928 3044 Sunt
947 2985 999 3062 qui
1018 2985 1063 3044 its

180 3086 289 3156 dicunt,
299 3087 422 3162 imperia
432 3086 456 3161 ej
461 3106 494 3143 us
507 3087 623 3162 injusta,
634 3086 765 3161 superba,
777 3082 912 3153 crudelia,
923 3083 1062 3145 barbaros

180 3180 344 3255 nequivisse
357 3182 438 3258 pati:
458 3181 509 3241 alii
522 3189 627 3253 autem,
646 3182 757 3257 equites
773 3179 847 3249 illos,
863 3177 916 3238 On.
929 3176 1061 3253 Pompeii

181 3279 294 3332 veteres
312 3277 441 3354 fidosque
460 3278 588 3350 clientes,
602 3278 756 3335 voluntate
775 3276 837 3351 ejus
857 3275 993 3333 Pisonem
1012 3273 1061 3333 ad·

181 3392 291 3452 grossos
301 3395 310 3449 3
343 3396 493 3455 nunquam
520 3377 668 3455 Hispanos
693 3382 833 3454 praterea
865 3376 923 3439 tale
948 3372 1062 3435 facinus
