2426 3786
189 262 226 323 bs
404 262 626 328 srsscsrll
653 264 859 331 csrlslsss.

186 437 293 497 perse,
310 426 364 477 sut
381 438 434 497 per
452 421 525 479 slios
547 423 721 480 sollicitabat
730 440 741 497 3
761 443 855 500 neque
876 421 969 482 solum
986 423 1074 498 cives,

186 516 236 573 sed
249 517 389 593 cujusque
408 518 487 576 modi
506 537 597 595 genus
617 520 778 592 hominum,
798 519 877 596 quod
894 519 979 577 modo
996 521 1074 581 bello

150 656 153 662 Δ
185 613 252 669 usui
265 614 350 671 foret.

245 706 313 765 XL.
356 705 454 785 Igitur
473 708 507 767 P.
528 709 680 769 Umbreno
700 709 815 768 cuidam
834 710 986 786 negotium
1011 711 1072 785 det,

183 806 231 865 uti
248 809 358 885 legatos
371 809 565 885 Allobrogum
578 812 720 887 requirat,
738 827 851 885 eosque,
861 807 891 864 ‘si
904 808 1003 882 possit,
1018 809 1073 866 im·

184 903 276 980 pellat
288 903 326 961 sd
339 905 506 963 societatem
526 906 597 963 belli
607 926 617 979 3
637 906 817 976 existimans,
839 904 955 979 publice
974 903 1071 980 privs·

184 1001 298 1075 timque
318 1019 374 1057 aerc
394 1000 490 1059 slieno
508 1021 667 1079 oppressos,
688 1008 836 1079 praetereo,
861 1002 940 1079 quod
962 1009 1070 1065 nstnns

183 1113 254 1171 gens
268 1095 379 1154 Gallica
392 1097 527 1157 bellicosa
540 1104 622 1170 esset,
637 1099 721 1156 focile
735 1118 782 1156 ecs
796 1098 833 1155 sd
845 1098 905 1155 tole
915 1098 1067 1156 consilium

183 1189 289 1248 adduci
309 1211 398 1267 posse.
440 1193 619 1265 Umbrenus,
641 1194 719 1270 quod
736 1194 769 1251 in
785 1192 883 1251 Gallis
904 1195 1070 1269 negotiatus

181 1291 253 1359 erut,
268 1287 413 1364 plerisque
426 1289 605 1365 principibus
615 1289 782 1346 civitatium
795 1294 884 1346 nctus
893 1295 965 1360 erut,
980 1295 1070 1366 atque

182 1399 231 1439 eos
243 1390 385 1442 noverat:
406 1385 506 1461 itaque
519 1386 582 1443 sine
595 1404 683 1457 mors,
703 1386 755 1443 ubi
772 1385 900 1461 primum
913 1385 1023 1460 legatos
1036 1385 1070 1443 in

180 1479 245 1536 foro
261 1481 420 1556 conspexit,
441 1487 646 1557 percunctatus
665 1499 757 1557 psucs
776 1481 813 1539 de
831 1486 912 1538 stetu
931 1481 1068 1553 civitatis,

181 1581 213 1633 et
231 1576 315 1652 qussi
335 1577 434 1633 dolens
454 1578 517 1652 ejus
537 1597 643 1648 essum,
665 1579 812 1652 requirere
832 1576 926 1652 erepit,
954 1580 1069 1652 “quem

179 1664 295 1728 exitum
307 1673 400 1729 tantis
413 1669 497 1730 mulis
509 1674 693 1748 sperarentl'’
735 1670 896 1747 Postquam
909 1670 974 1729 illos
987 1670 1068 1728 videt

71 1826 73 1830 ,
182 1767 291 1842 “queri
312 1767 348 1824 de
365 1768 490 1826 avaritia
509 1768 744 1845 magistratuum,
768 1786 901 1826 accusare
922 1772 1065 1839 senatum,

178 1862 257 1938 quod
270 1863 303 1919 in
316 1882 350 1920 eo
363 1865 468 1921 auxilii
481 1863 558 1920 nihil
573 1869 666 1936 esset3
685 1864 810 1921 miseriis
828 1863 888 1921 suis
906 1862 1066 1920 remedium

178 1962 303 2013 mortem
332 1966 500 2034 exspectare
512 1962 535 2018 :'’
569 1959 641 2016 “At
669 1960 747 2035 ego‚'’
767 1959 873 2034 inquit,
900 1958 1019 2030 “vobis
1039 1958 1066 2016 si

177 2052 263 2110 modo
282 2053 339 2110 viri
361 2072 421 2111 esse
440 2053 538 2125 vultis,
561 2056 705 2112 rationem
724 2055 875 2111 ostendum
899 2072 958 2129 quc
981 2058 1066 2113 tsnts

177 2148 235 2205 ists
255 2149 332 2206 mala
354 2149 523 2225 effugiatis.''
565 2149 640 2208 Haec
658 2150 711 2206 ubi
730 2149 816 2220 dixit,
838 2148 1013 2225 Allobroges
1031 2150 1064 2208 in

177 2245 335 2301 maximam
364 2264 445 2320 spem
473 2245 593 2303 adducti
618 2245 805 2304 Umbrenum
830 2264 920 2316 orare,
945 2246 992 2303 uti
1018 2247 1064 2304 sui

177 2339 383 2397 misereretur:
408 2340 484 2397 nihil
503 2346 566 2397 tem
586 2359 730 2417 asperum,
750 2359 846 2416 neque
864 2345 927 2396 tum
946 2340 1063 2400 difficile

175 2452 248 2503 esse,
266 2434 343 2509 quod
361 2453 421 2501 non
435 2436 619 2511 cupidissime
636 2435 744 2493 facturi
763 2441 869 2504 essent,
885 2435 956 2492 dum
970 2455 1004 2493 es
1017 2453 1063 2493 res

175 2528 326 2587 civitatem
350 2549 407 2587 aere
433 2531 531 2588 alieno
558 2531 702 2591 liberaret
745 2529 803 2587 Ille
823 2548 871 2586 ecs
891 2530 924 2587 in
944 2530 1062 2591 domum

175 2621 214 2679 D.
239 2622 328 2680 Bruti
348 2625 482 2701 perducit
491 2645 501 2698 3
522 2626 600 2702 quod
617 2626 680 2684 foro
698 2625 862 2701 propinqus
878 2632 949 2697 eret,
967 2645 1063 2703 neque

173 2716 269 2774 cliens
282 2719 401 2790 consilii,
416 2726 535 2797 propter
548 2720 767 2797 Semproniam
787 2739 858 2776 nam
869 2727 936 2778 tum
950 2721 1062 2780 Brutus

173 2813 210 2870 sb
230 2812 326 2870 Roma
344 2816 453 2874 aberat.
495 2818 643 2876 Preeteres
670 2818 829 2876 Gabinium
853 2818 1063 2895 accersitque

172 2908 265 2984 major
277 2912 435 2969 auctoritas
449 2914 575 2970 sermoni
583 2915 692 2972 inesset
706 2934 714 2973 t
734 2934 768 2972 eo
782 2919 922 2991 praesente
932 2915 1062 2991 conjura·

172 3003 283 3062 tionem
296 3006 409 3081 sperit3
431 3008 564 3065 nominat
577 3009 676 3079 socios,
695 3014 835 3084 prseteres
847 3008 956 3087 multos
969 3010 1062 3085 cujus·

172 3117 229 3176 que
242 3103 356 3176 generis
368 3102 513 3173 innoxios,
526 3121 583 3178 quc
597 3103 701 3179 legetis
714 3104 828 3160 unimus
836 3103 960 3179 amplior
969 3110 1059 3177 esset3

172 3193 277 3252 deinde
290 3215 337 3252 eos
350 3196 495 3271 pollicitos
508 3216 625 3272 operum
638 3217 721 3256 susm
734 3198 852 3255 domum
866 3198 999 3256 dimittit

232 3287 315 3346 XLL
358 3290 416 3348 Sed
444 3290 618 3367 Allobroges
646 3293 698 3351 diu
725 3293 758 3349 in
784 3292 896 3350 incerto
923 3292 1057 3365 habuere,

172 3380 312 3457 quidnam
332 3385 447 3444 consilii
467 3392 609 3463 caperent
659 3385 700 3444 In
723 3387 815 3444 alters
835 3391 918 3462 parte
937 3390 1000 3443 erst
1018 3404 1058 3447 oes
