2426 3786
352 251 575 312 SALLUSTII
594 250 800 313 cerame.
979 250 1015 310 47

131 425 187 480 res,
203 406 334 464 muninus
347 406 453 464 acriter
465 406 588 464 instare:
602 406 648 463 illi
660 405 740 463 haud
753 405 850 463 timidi
859 404 1013 463 resistunt:

131 502 262 561 maxima
281 502 314 559 vi
332 507 469 565 certatur.
511 502 630 559 Interea
643 502 771 559 Catilina
790 520 857 559 cum
873 502 1016 577 expeditis

130 596 165 655 in
177 598 273 674 prima
285 597 348 656 acis
359 597 477 669 versari,
491 597 692 655 laborantibus
704 615 877 670 succurrere,
887 597 1016 673 integros
1031 655 1033 662 ,

130 710 186 768 pro
206 690 311 749 sauciis
330 710 481 764 accersere,
502 691 601 748 omnia
619 692 779 768 providere,
807 691 935 749 multum
953 692 1016 768 ipse

130 804 270 862 pugnare,
293 804 367 862 saepe
386 786 500 844 hostem
518 786 620 859 ferire,
641 785 754 843 strenui
767 785 876 857 militis,
897 792 927 843 et
946 786 1015 845 boni

130 880 317 956 imperatoris
333 881 426 938 efficia
442 882 530 938 simul
546 881 766 957 exsequebatur.
808 880 949 954 Petreius,
963 883 1015 940 ubi

130 977 215 1033 videt
225 975 391 1047 Catilinam,
402 982 504 1034 contra
513 995 546 1034 ac
555 983 637 1033 ratus
646 981 718 1049 erat,
728 995 833 1052 magna
842 977 873 1034 vi
887 977 1013 1049 tendere,

131 1072 280 1130 cohortem
292 1073 458 1149 praetoriam
470 1073 503 1130 in
516 1071 626 1130 medios
642 1072 740 1155 hostes
756 1072 871 1130 inducit
879 1091 889 1144 3
911 1091 1015 1149 eosque

131 1167 316 1242 perturbatos
341 1174 430 1244 atque
457 1168 529 1225 alies
555 1167 627 1224 alibi
658 1167 825 1224 resistentes
857 1168 995 1226 interficit
1004 1189 1013 1241 3

131 1262 238 1320 deinde
248 1264 399 1341 utrimque
412 1282 450 1321 ex
463 1262 604 1319 lateribus
616 1261 792 1337 adgreditur.
833 1260 965 1320 Manlius
984 1269 1015 1320 et

132 1356 302 1417 Faesulanus
322 1359 476 1436 inprimis
502 1363 667 1434 pugnantes
693 1357 809 1416 cadunt.
855 1356 1015 1433 Postquam

130 1452 210 1511 fusas
222 1455 326 1532 copias,
341 1473 429 1531 seque
442 1472 509 1511 cum
521 1454 621 1530 paucis
633 1452 769 1510 relictum
781 1452 863 1510 ridet
876 1451 1012 1524 Catilina,

129 1566 243 1606 memor
253 1551 367 1626 generis
380 1554 469 1626 atque
481 1550 612 1625 pristinu
625 1546 787 1624 dignitatis,
799 1547 831 1604 in
842 1548 1015 1605 confertissi-

130 1658 193 1701 mos
206 1641 305 1701 hostes
318 1645 450 1716 incurrit,
466 1644 565 1719 ibique
577 1662 709 1718 pugnans
722 1643 894 1701 confoditur.

190 1736 275 1797 LXL
319 1738 384 1811 Sed,
413 1740 544 1797 confecto
569 1739 676 1815 praelie,
698 1744 763 1795 tum
785 1758 855 1796 vero
875 1758 1013 1812 cerneres,

130 1840 242 1908 quanta
260 1834 390 1907 audacia,
411 1841 577 1911 quanteque
590 1835 635 1891 vis
648 1834 739 1892 animi
759 1833 862 1892 fuisset
881 1836 914 1893 in
934 1855 1015 1894 exer-

131 1928 192 1987 citu
212 1928 354 1989 Catilina.
404 1930 484 1987 Nam
504 1930 571 2001 fere,
592 1949 679 2006 quem
698 1930 821 2007 quisque
840 1930 925 1989 rivus
944 1950 1015 2006 pug-

130 2025 228 2082 nando
253 2024 348 2083 locum
375 2032 497 2102 ceperat,
525 2043 601 2097 eum,
628 2025 732 2082 amissa
764 2025 869 2095 anima,
897 2043 1014 2100 corpore

129 2121 255 2197 tegebat.
297 2119 389 2178 Pauci
409 2127 515 2192 autem,
537 2139 610 2197 quos
630 2121 739 2178 medios
759 2118 859 2178 cohors
878 2120 1014 2196 pretoria

130 2216 289 2293 disjecerat,
310 2217 409 2293 paullo
428 2218 578 2290 diversius,
592 2217 641 2274 sed
656 2234 755 2274 omnes
768 2223 868 2273 tamen
887 2216 1015 2274 adversis

129 2313 301 2370 vulneribus
327 2314 520 2371 conciderant
563 2312 692 2370 Catilius
710 2329 780 2368 vero
799 2311 886 2386 lenge
911 2329 930 2368 a
955 2310 1015 2369 suis

129 2406 209 2465 inter
227 2407 357 2466 hostium
376 2409 516 2467 cadavera
528 2413 662 2484 repertus
674 2411 727 2476 est,
742 2405 906 2482 paullulum
925 2406 1014 2465 etiam

129 2496 252 2580 spirans,
271 2503 465 2579 ferociamque
484 2503 584 2574 animi,
604 2521 692 2579 quam
713 2502 855 2559 habuerat
867 2502 961 2575 rivus,
981 2502 1015 2559 in

130 2599 218 2658 vultu
236 2599 374 2659 retinens.
416 2599 578 2671 Postremo,
597 2618 635 2655 ex
654 2597 735 2654 omni
754 2598 845 2674 eopia,
868 2597 1015 2675 usquein

129 2695 238 2772 praelio,
251 2713 347 2772 neque
359 2696 392 2752 in
404 2695 481 2771 fuga,
497 2695 653 2772 quisquam
666 2693 738 2751 civis
751 2693 896 2768 ingenuus
909 2700 1012 2770 captus

130 2798 181 2851 eet
223 2791 274 2853 Iu
293 2792 392 2849 cuncti
411 2810 471 2849 suae
490 2790 676 2866 hostiumque
689 2790 759 2847 vitae
773 2790 864 2864 juxta
882 2808 1015 2866 peperce-
1099 2776 1104 2785 ⁵

130 2893 205 2948 rant
249 2887 354 2965 Neque
366 2893 466 2946 temen
486 2888 631 2945 exercitus
650 2885 750 2962 populi
771 2885 900 2943 Romani
918 2885 1016 2942 laetam

129 2991 182 3043 eut
194 2982 380 3041 incruentam
393 2983 547 3041 victoriam
559 2981 682 3057 adeptus
695 2986 776 3039 erat:
797 2998 866 3037 uam
880 2977 1017 3036 strenuis·

130 3080 222 3137 simus
242 3079 366 3155 quisque
384 3085 438 3136 aut
457 3077 602 3136 occiderat
621 3077 654 3133 in
674 3076 782 3153 praelio,
809 3080 863 3132 aut
889 3071 1017 3150 graviter

131 3174 303 3233 vulneratus
315 3175 491 3232 discesserat
533 3173 626 3232 Multi
645 3179 753 3245 autem,
774 3169 827 3247 qui
847 3170 883 3228 de
902 3169 1014 3242 castris,

131 3268 255 3342 visendi,
276 3276 330 3328 aut
349 3269 493 3346 spoliandi
511 3268 614 3346 gretia,
639 3270 844 3344 processerant,
866 3265 1017 3325 volventes
