2426 3790
184 245 223 313 68
385 240 604 301 SALLUSTII
628 240 654 298 J
657 239 865 303 UGURYHA.
956 192 961 195 ¹

184 415 268 472 agere
291 394 370 451 inter
396 394 519 467 invidos,
544 399 733 467 occursantes,
757 395 898 466 fastiosos,
922 392 1068 469 opinione,

185 490 322 563 Quirites,
337 490 466 565 asperius
479 496 529 548 est
572 490 623 549 Ad
636 490 698 560 hoe,
709 491 760 547 alii
774 492 800 549 si
813 491 968 568 deliquere,
982 498 1070 551 vetus

184 586 329 657 nobilitas,
345 586 488 660 majorum
501 585 588 642 fortia
597 585 681 657 saeta,
691 592 879 661 eoguatorum
888 593 919 644 et
925 587 1070 645 adfinium

184 703 259 760 opes,
284 683 385 741 multae
405 681 553 756 clientelae,
581 684 679 740 omnia
705 683 765 741 haee
789 684 920 758 praesidio
942 683 1069 743 adsunt:

184 779 257 839 mihi
278 797 342 854 spes
360 796 458 835 omues
476 778 508 835 in
526 786 634 836 memet
654 779 725 849 sitae,
747 796 819 854 quas
836 795 948 835 neeesse
970 783 1016 834 est
1037 783 1071 834 et

183 875 295 931 virtute
316 880 346 939 et
366 874 532 931 innocentia
554 875 662 935 tutari:
686 893 755 931 nam
773 875 832 931 alia
852 875 968 931 infirma
987 879 1068 933 sunt.

185 970 227 1047 Et
248 968 324 1029 illud
344 969 484 1045 intelligo,
511 969 647 1042 Quirites,
668 971 798 1027 omnium
818 989 869 1027 ora
888 971 920 1026 in
935 989 982 1027 me
1002 989 1070 1027 oon-

183 1085 267 1123 versa
280 1084 356 1123 esse:
377 1084 474 1141 aequos
487 1065 632 1142 bonosque
644 1065 757 1124 farere:
777 1067 884 1143 quippe
897 1067 971 1123 bene
990 1067 1070 1127 faeta

184 1182 249 1220 mea
273 1162 437 1238 reipublicae
458 1162 638 1238 procedunt:
666 1161 848 1218 nobilitatem
868 1161 964 1219 locum
985 1162 1069 1218 inva-

184 1259 272 1321 dendi
285 1277 420 1335 quaerere.
463 1257 528 1326 Quo
547 1257 620 1314 mihi
635 1257 729 1314 aerius
749 1256 938 1313 adnitendum
959 1262 1011 1328 est,
1032 1264 1068 1315 ut

184 1373 279 1431 neque
298 1374 350 1412 voa
364 1353 525 1430 capiamini,
541 1359 572 1411 et
589 1353 634 1408 illi
650 1352 759 1409 frustra
776 1352 842 1411 sint
885 1350 936 1409 Ita
956 1352 994 1408 ad
1012 1352 1068 1409 hoo

184 1451 279 1525 estatis
295 1469 313 1505 a
333 1449 459 1525 pueritia
479 1449 529 1518 sui,
550 1455 585 1504 ut
603 1466 702 1504 omnes
717 1447 836 1515 labores,
852 1447 987 1522 pericula,
1002 1466 1068 1504 eon·

184 1551 267 1606 sueta
294 1545 425 1621 habeam,
467 1544 539 1613 Quae
564 1549 633 1600 ante
659 1548 755 1600 vestra
781 1543 919 1600 beneficia
937 1543 1067 1619 gratuito

183 1642 332 1720 faeiebam,
354 1660 387 1698 ea
412 1641 465 1713 uti,
488 1645 604 1716 accepta
624 1641 762 1711 mercede,
783 1640 919 1711 deseram,
940 1659 1000 1699 nou
1021 1645 1068 1702 est

184 1738 343 1808 eonsilium,
360 1736 497 1805 Quirites.
539 1736 605 1794 Illis
626 1737 741 1794 difficile
762 1743 806 1794 est
826 1738 858 1794 in
875 1736 1068 1812 potestatibus

185 1842 353 1908 temperare,
361 1834 412 1909 qni
426 1851 478 1909 per
490 1834 679 1912 ambitionem
692 1852 752 1891 sese
765 1834 869 1909 probos
877 1831 1066 1895 simulavere:

184 1930 266 2001 mihi,
281 1930 333 2006 qui
345 1948 461 1986 omnem
474 1934 590 1987 aetatem
602 1930 635 1986 in
649 1929 767 2005 optimis
786 1929 898 1985 artibus
916 1928 971 2003 egi,
991 1928 1067 1986 bene

184 2026 349 2102 faeerejam
362 2042 400 2081 ex
414 2025 620 2082 consuetudine
630 2025 662 2082 in
671 2031 807 2082 naturam
816 2025 915 2085 vertit,
950 2023 1069 2083 Bellum

184 2139 232 2177 me
244 2138 342 2197 gerere
357 2138 421 2175 cum
436 2119 457 2176 J
458 2119 585 2194 ugurtha
593 2120 721 2196 jussistis
726 2140 737 2192 3
757 2140 845 2196 quam
858 2139 918 2177 rem
929 2120 1069 2178 nobilitas

184 2214 331 2295 aegerrime
351 2213 431 2275 tulit.
467 2212 577 2285 Quaeso,
592 2220 725 2290 reputate
746 2233 812 2271 oum
831 2196 1066 2284 animisnostris,

184 2327 257 2364 num
269 2309 301 2365 id
313 2315 426 2366 mutare
439 2310 543 2366 melius
556 2311 602 2383 sit,
618 2311 643 2367 si
653 2329 740 2386 quem
754 2331 791 2368 ex
804 2311 856 2368 illo
868 2311 953 2388 globo
965 2309 1068 2372 nobile

183 2408 255 2464 tatis
270 2408 309 2465 ad
327 2408 388 2478 hoo,
403 2412 465 2464 aut
475 2408 556 2464 aliud
575 2407 634 2465 tale
649 2408 807 2483 negotium,
829 2406 963 2476 mittatis,
976 2406 1068 2463 bomi-

185 2523 254 2561 nem
265 2505 372 2561 veteris
381 2504 521 2580 prosapiae
531 2523 564 2561 ae
572 2503 732 2563 multarum
739 2503 906 2578 imaginum,
919 2509 949 2561 et
959 2503 1069 2560 nullius

184 2598 340 2673 stipendii:
365 2598 483 2671 seilicet,
507 2605 543 2656 ut
566 2600 598 2655 in
622 2605 706 2656 tanta
726 2618 766 2671 re,
785 2598 904 2674 ignarus
927 2598 1068 2670 omnium,

184 2694 320 2770 trepidet,
335 2694 460 2766 festinet,
475 2699 572 2753 sumat
585 2695 713 2770 aliquem
726 2713 763 2751 ex
776 2693 882 2769 populo
894 2693 1070 2750 monitorem

185 2791 280 2850 officii,
291 2791 344 2859 sui.
386 2791 436 2849 Ita
448 2793 619 2868 plerumque
633 2792 740 2862 evenit,
753 2797 796 2863 ut,
814 2811 901 2867 quem
914 2810 966 2848 vos
978 2791 1069 2866 impe-

185 2906 250 2946 rare
269 2887 404 2964 jrrssistis,
428 2889 453 2944 is
469 2887 672 2964 imperatorem
692 2887 783 2943 alium
804 2892 923 2961 quaerat.
964 2884 1068 2960 Atque

89 2987 91 2991 ’
185 3003 237 3060 ego
255 2983 321 3054 scio,
337 2982 473 3054 Quirites,
495 2981 554 3058 qui,
576 2987 729 3058 postquam
749 2980 880 3038 eonsules
898 2980 969 3037 facti
988 2988 1067 3049 sunt,

185 3088 251 3141 aeta
263 3081 413 3157 majorum,
429 3087 460 3136 et
474 3079 640 3137 Graecorum
659 3078 799 3134 militaria
810 3082 954 3153 praecepta
973 3076 1069 3152 legera

186 3175 342 3251 coeperint,
372 3175 504 3232 homines
528 3173 703 3250 praeposteri.
749 3173 829 3231 Nam
850 3191 956 3248 gerere,
978 3191 1068 3247 quam

186 3269 905 3346 fieri,temporeposterius,reatqueusupriusest.
948 3266 1068 3340 Compa-

188 3369 250 3423 rate
259 3384 344 3436 nune,
361 3366 497 3438 Quirites,
509 3384 576 3423 oum
588 3365 706 3439 illorum
719 3365 853 3443 superbia
866 3384 913 3422 me
922 3362 1070 3433 bominem
