2426 3790
350 248 573 308 SALLUSTII
595 250 623 306 J
625 249 835 309 UGURTHA,
1002 253 1041 312 39

150 394 203 459 tta
218 399 398 477 prohibendo
411 422 429 458 a
442 401 563 473 delictis,
578 401 678 477 magis,
692 420 781 477 quem
794 397 977 476 vindicando,
990 422 1040 462 cx·

152 497 275 560 ercitum
289 497 371 554 brevi
383 498 574 554 confirmavit.

210 593 328 653 XLVI.
370 594 489 651 Interea
521 594 543 651 J
546 593 681 670 ugurtbs,
712 594 774 665 ubi,
802 613 866 671 quae
900 594 1040 653 Metellus

151 690 262 765 agebat,
283 709 321 747 ex
341 690 456 746 nunciis
475 690 586 765 accepit
596 710 604 761 3
627 690 714 747 simul
735 691 771 748 de
790 691 958 748 innocentia
977 691 1040 766 ejus

151 786 258 844 certior
276 786 377 842 Βοωω
397 787 500 850 sectus,
514 784 644 842 diffidere
663 785 724 841 suis
745 785 836 857 rebus,
853 804 887 842 sc
906 791 972 842 tum
992 785 1039 841 de·

150 901 232 940 mum
255 900 353 938 veram
377 880 555 938 deditionem
581 882 674 938 facere
702 887 823 939 conatus
846 888 898 940 est.
939 881 1042 957 Igitur

150 978 260 1054 legatos
274 977 310 1034 ad
329 977 477 1034 consulem
490 996 556 1033 cum
570 976 718 1052 suppliciis
731 978 833 1048 mittit,
847 977 901 1053 qui
912 982 1041 1034 tantum·

150 1075 237 1131 modo
256 1074 313 1149 ipsi
331 1073 488 1148 liberisque
503 1073 597 1130 vitam
615 1078 756 1149 peterent,
770 1073 829 1130 alia
846 1076 944 1133 omnia
957 1074 1041 1132 dede-

149 1176 218 1229 nent
237 1170 344 1246 populo
364 1169 506 1227 Romano.
547 1168 605 1227 Sed
625 1169 749 1226 Metello
766 1169 830 1244 jem
849 1176 935 1227 antea
954 1189 1041 1246 expe

150 1269 283 1326 rimentis
305 1267 455 1343 cognitum
481 1272 545 1325 eret
571 1286 664 1343 genus
686 1268 883 1325 Numidarum
905 1269 1037 1340 infidum,

150 1363 268 1439 ingenio
287 1362 397 1432 mobili,
412 1382 555 1420 novarum
574 1383 672 1421 rerum
688 1366 808 1422 avidum
820 1383 892 1422 esse.
933 1364 1039 1441 Itaque

149 1459 260 1535 legatos
279 1458 370 1516 elium
390 1458 428 1515 sb
447 1459 505 1515 alio
525 1459 655 1516 diversos
681 1461 869 1537 adgreditur3
896 1480 938 1531 ac,
960 1462 1040 1537 paul-

148 1550 235 1612 latim
254 1555 403 1625 tentando,
417 1561 570 1632 postquam
589 1561 767 1631 opportunos
786 1557 930 1633 cognovit,
947 1558 1040 1615 mults

149 1651 320 1730 pollicendo,
334 1652 496 1726 persuadet,
513 1653 581 1708 “uti
594 1652 616 1709 J
617 1651 783 1727 ugurthsm,
793 1652 920 1708 maxime
929 1652 1039 1722 vivum,
1072 1714 1078 1726 ⁸

150 1750 197 1806 sin
216 1749 247 1805 id
266 1766 369 1824 param
390 1748 533 1831 procedet,
554 1756 700 1815 necatum,
716 1748 773 1804 sibi
793 1748 942 1806 traderent
952 1748 974 1805 :⁹⁸
995 1767 1039 1806 ce·

151 1853 246 1903 terum
267 1843 372 1921 mlum,
385 1862 450 1919 quae
471 1863 508 1900 ex
527 1842 681 1900 voluntate
699 1843 803 1913 forent,
825 1845 885 1919 regi
905 1845 1041 1902 nunciati

146 1942 241 2018 jubet.
284 1939 399 1996 Deinde
423 1940 484 2014 ipse
504 1940 604 2014 petreis
624 1940 733 2009 diebus,
754 1939 870 1996 intento
890 1945 978 2016 atque
997 1942 1040 1998 in-
1149 1985 1152 1989 1

150 2039 225 2095 festo
250 2037 388 2106 exercitu,
417 2036 450 2091 in
476 2035 648 2093 Numidiam
674 2035 825 2111 procedit:
851 2036 910 2106 ubi,
938 2042 1041 2094 contra

149 2132 222 2190 belli
243 2132 355 2200 faciem,
379 2132 498 2206 tuguria
523 2131 609 2207 plena
635 2131 796 2201 hominum,
821 2149 924 2207 pecore
951 2133 1040 2190 culto-

149 2245 254 2302 resque
272 2227 304 2284 in
323 2227 400 2301 egris
419 2233 520 2285 erant:
546 2246 584 2283 ex
603 2227 717 2303 oppidis
737 2233 768 2284 et
788 2226 950 2302 mapalibus
970 2247 1040 2303 prae

150 2322 220 2379 fecti
239 2322 314 2397 regis
333 2321 414 2378 obvii
433 2321 634 2397 procedebant,
649 2323 744 2398 parati
762 2324 942 2381 frumentum
962 2323 1038 2395 dare,

150 2426 343 2475 commeatum
369 2425 493 2494 portare,
522 2424 668 2493 postremo
695 2419 799 2490 omnia,
828 2436 893 2495 qnae
919 2420 1042 2497 impera-

150 2521 260 2584 rentur,
289 2514 391 2573 facere.
434 2512 540 2588 Neque
568 2513 705 2570 Metellus
731 2514 839 2571 idcirco
864 2515 970 2586 minus,
990 2517 1040 2574 sed

151 2612 261 2686 pariter
273 2630 307 2668 sc
320 2611 344 2667 si
357 2610 455 2667 hostes
470 2609 613 2681 adessent,
627 2610 743 2666 munito
761 2610 878 2685 agmine
897 2610 1040 2684 incedere,

150 2708 211 2765 late
236 2706 388 2782 explorare
414 2706 519 2776 omnia,
544 2705 597 2762 ills
619 2705 777 2764 deditionis
803 2706 885 2782 signa
912 2708 1042 2765 ostentui

151 2801 275 2874 credere,
297 2808 328 2859 et
346 2801 461 2858 insidiis
480 2801 577 2858 locum
597 2802 714 2859 tentori.
756 2801 862 2878 Itaque
889 2802 951 2878 ipse
974 2822 1041 2859 cum

151 2899 297 2976 expeditis
322 2897 497 2967 cohortibus,
521 2897 594 2953 item
620 2896 803 2952 funditorum
828 2901 858 2952 et
881 2896 1042 2970 sagittario·

151 3012 218 3052 rum
241 2993 353 3050 delecta
376 3010 474 3062 manu,
496 2991 574 3067 apud
598 2991 707 3066 primos
731 2995 814 3047 erat:
841 2989 874 3047 in
897 2996 1042 3064 postremo

152 3092 185 3151 Ο.
200 3090 315 3148 Maius
333 3090 448 3164 legatus
467 3106 535 3145 cum
555 3085 703 3162 equitibus
722 3085 861 3143 curabat:
885 3083 916 3140 in
930 3089 1043 3143 utrum-

152 3206 210 3266 qne
222 3188 301 3245 latus
314 3185 482 3243 auxiliarios
494 3184 608 3261 equites
621 3182 749 3240 tribunis
767 3181 915 3256 legionum
929 3185 960 3236 et
972 3199 1043 3256 prm

152 3282 237 3342 fectis
259 3281 422 3342 cohortium
445 3279 656 3357 dispertiverat,
677 3278 724 3335 uti
747 3295 814 3333 cum
835 3274 882 3332 his
903 3277 1042 3352 permixti

152 3381 265 3454 velites,
299 3398 484 3457 quacumque
514 3377 684 3439 secederent
719 3373 867 3451 equitatus
903 3374 1040 3448 hostium,
