2426 3790
347 255 566 316 SALLUSPII
589 255 615 310 J
618 252 823 312 donarer.
994 252 1031 309 89

143 409 249 486 vprocul
272 407 404 466 abesse:’'
426 407 521 477 simul,
543 407 588 463 uti
607 412 696 461 noctu
714 405 787 461 clam
811 422 906 460 secum
937 404 1033 479 profu-

149 512 237 582 geret,
253 510 335 581 rogat
348 511 435 579 atque
452 502 593 558 hortatur.
636 488 692 557 Ille
716 501 812 556 animo
833 499 920 555 feroci
935 507 1031 574 negat,

150 609 208 660 “se
221 602 308 658 toties
322 601 418 656 fusum
432 598 592 655 Numidam
606 599 805 672 pertimescere
812 617 820 667 3
841 595 948 651 virtuti
968 615 1032 651 suo-

102 696 109 707 ’
148 721 215 757 rum
229 701 298 756 satis
312 698 441 754 credere:
463 697 550 759 etiam
569 697 594 752 si
614 701 693 752 certa
713 695 801 771 pestis
819 694 937 762 adesset,
953 711 1032 748 man·

127 794 129 798 ’
150 800 250 850 surum
263 797 368 870 potius,
383 813 470 868 quam
484 793 614 869 proditis,
630 811 702 868 quos
716 790 847 859 ducebat,
863 791 944 864 turpi
964 790 1033 864 fuga
1063 851 1066 856 ,

149 891 274 961 incertae,
294 910 327 947 ao
340 891 462 947 forsitan
476 895 541 964 post
553 889 651 964 paullo
666 887 765 944 morbo
778 885 948 954 interiturae,
963 885 1032 939 vilae

149 985 304 1062 parceret.''
336 986 481 1055 Ceterum,
496 986 647 1041 abeodem
661 986 798 1054 monitus,
811 984 855 1039 uti
869 988 956 1037 noctu
970 1001 1033 1056 pro·
1116 1050 1120 1058 .

149 1084 354 1153 ficiscerentur‚
376 1082 528 1139 consilium
550 1080 710 1154 adprobat:
739 1099 772 1136 ac
798 1081 898 1135 statim
925 1079 1034 1132 milites

150 1184 276 1234 coenatos
294 1196 361 1248 esse,
384 1177 416 1233 in
433 1179 533 1234 castris
553 1178 634 1252 ignes
652 1196 739 1251 quam
756 1176 941 1232 creberrimos
961 1175 1031 1242 lieri,

151 1272 219 1328 dein
232 1273 326 1348 prima
339 1274 440 1347 vigilia
452 1273 569 1329 silentio
582 1273 687 1348 egredi,
698 1273 792 1346 jubet.
827 1271 954 1345 Jamque
967 1289 1034 1326 noc-

150 1368 239 1427 turno
258 1369 363 1425 itinere
385 1368 466 1424 fessis
486 1368 626 1437 omnibus,
650 1368 732 1425 Sulla
750 1367 862 1442 pariter
881 1385 947 1423 cum
967 1373 1035 1421 ortu

149 1464 220 1519 solis
234 1472 328 1520 caetra
346 1465 517 1534 metabatur,
539 1483 605 1520 cum
626 1441 738 1538 equites
760 1462 860 1519 Mauri
881 1462 1033 1532 nrrnciant,

153 1562 170 1590 “
174 1558 196 1615 J
198 1559 353 1634 ugurtham
364 1560 480 1616 circiter
493 1560 585 1615 duum
598 1559 725 1614 millium
739 1558 895 1615 intervallo
905 1564 974 1614 ante
988 1574 1035 1612 eos

151 1654 336 1712 consedisse.”
378 1655 462 1723 Quod
483 1660 636 1729 postquam
656 1655 798 1723 auditum,
820 1661 885 1711 tum
904 1673 973 1710 vero
993 1653 1036 1707 in-

151 1768 222 1824 gens
234 1756 329 1807 metus
342 1756 455 1807 nostros
468 1750 597 1806 invadit:
618 1750 732 1806 credere
745 1749 874 1824 proditos
888 1747 1034 1816 aVoluce,

151 1857 182 1902 et
191 1846 305 1903 insidiis
315 1831 538 1903 circumventos
577 1845 624 1902 Ac
638 1846 726 1916 fuere,
738 1846 789 1920 qui
798 1846 935 1914 dicerent,
947 1862 1036 1900 manu

151 1940 367 2010 vindicandum,
377 1959 471 2015 neque
484 1941 562 2015 apud
575 1941 660 1997 illum
674 1947 791 1997 tantum
804 1940 895 1996 scelus
908 1940 1036 1995 inultum

149 2035 386 2110 relinquendum.
527 2096 530 2097 ⁷

213 2130 313 2188 GVH.
354 2132 400 2187 At
422 2131 510 2202 Sulla,
527 2151 702 2207 quamquam
723 2132 822 2188 eadem
842 2129 1034 2198 existimabat,

153 2231 252 2283 tamen
271 2226 309 2283 ab
328 2227 437 2302 injuria
457 2228 596 2283 Maurum
621 2227 772 2302 prohibet:
803 2245 869 2283 suos
893 2225 1035 2293 hortatur,

156 2327 173 2354 “
177 2322 223 2377 uti
235 2323 341 2378 fortem
354 2324 484 2378 animum
497 2330 649 2397 gererent:
670 2342 744 2397 saepe
757 2330 844 2378 antea
857 2321 955 2396 paucis
969 2326 1038 2376 stre·

153 2417 220 2473 uuis
233 2416 388 2473 adversum
402 2417 622 2474 multitudinem
637 2420 709 2475 bene
730 2425 906 2493 pugnatum:
928 2422 1038 2492 quanto

154 2512 209 2568 sibi
222 2511 254 2566 in
268 2512 366 2586 praelio
380 2514 477 2569 minus
497 2515 698 2588 pepercissent,
714 2520 799 2570 tanto
818 2513 939 2570 tutiores
959 2512 1037 2570 fore:

154 2625 208 2662 nec
216 2624 390 2681 quemquam
401 2608 509 2679 decere,
518 2609 569 2683 qui
584 2628 687 2664 manus
698 2609 861 2676 armaverit,
873 2609 910 2663 ab
920 2607 1040 2664 inermis

156 2704 277 2776 pedibus
296 2705 439 2760 auxilium
460 2714 564 2779 petere,
587 2705 618 2760 in
637 2704 764 2760 maximo
784 2712 865 2760 metu
884 2703 996 2758 nudum
1010 2714 1040 2757 et

156 2816 262 2853 raecum
275 2817 378 2873 corpus
397 2798 434 2855 ad
454 2798 550 2855 hostes
570 2798 711 2856 vertere.''
754 2799 869 2855 Deinde
886 2797 1039 2865 Volucem,

157 2893 293 2967 quoniam
314 2893 430 2951 hostilia
448 2896 563 2964 faceret,
578 2895 682 2951 Jovem
696 2896 857 2951 maximum
870 2895 1038 2961 obtestatus,

157 2993 192 3041 ut
220 2987 333 3042 sceleris
358 2995 446 3063 etque
472 2991 600 3065 perfidiae
623 2989 731 3046 Bocchi
750 2992 833 3046 testis
853 2990 974 3058 adesset,
1000 2976 1038 3043 eir

157 3080 258 3137 castris
272 3082 351 3138 abire
360 3083 452 3157 jubet
496 3085 552 3141 llle
570 3085 732 3159 lacrymans
745 3104 834 3154 orare,
851 3089 869 3117 “
877 3102 914 3139 ne
928 3102 961 3139 ea
980 3101 1041 3139 cre-

158 3176 254 3239 deret:
274 3175 349 3233 nihil
357 3179 424 3235 dolo
432 3181 550 3250 lactum,
561 3198 594 3237 ac
603 3181 694 3254 magis
708 3179 866 3236 calliditate
874 3179 895 3236 J
898 3177 1040 3252 ugurtha,

157 3270 213 3340 cui,
236 3269 370 3330 videlicet
392 3273 561 3348 speculanti,
589 3274 647 3330 iter
673 3292 759 3330 suum
787 3272 935 3347 cognitum
958 3280 1040 3329 esset.

159 3365 304 3439 Ceterum,
317 3368 456 3443 quoniam
469 3388 563 3444 neque
572 3370 724 3444 'ingentem
733 3368 951 3424 multitudinem
960 3368 1044 3424 habe-
