2426 3786
189 211 227 271 10
406 208 627 272 Sssnvsrrl
650 207 859 275 osrrslNa

186 360 308 421 mereari
318 382 327 435 3
352 362 507 439 postremo,
531 382 627 440 neque
645 363 784 439 sumptui,
809 380 904 438 neque
923 361 1071 420 modestia

187 474 246 515 suae
272 444 398 534 parcere,
426 458 498 520 dum
520 457 587 516 illos
610 459 752 516 obnoxios
774 458 905 534 fidosque
924 458 982 515 sibi
1000 458 1072 516 fase

186 561 239 613 ret.

185 638 191 655 ’
245 648 317 709 XV.
359 648 430 707 Jam
447 650 575 724 primum
589 649 753 708 adolescens
772 646 900 706 Catilius
915 648 1010 707 multa
1022 666 1071 706 ne

185 744 274 801 fanda
292 749 394 820 stupra
412 746 519 802 fecerat
528 765 538 817 3
559 764 626 803 eum
639 746 753 820 virgine
772 744 873 815 nobili,
894 763 959 801 oum
978 762 1071 802 saeer-

186 840 253 898 dote
266 840 376 914 Vestae,
390 841 450 899 alia
462 840 663 917 hujuscemodi
677 846 779 899 eontra
788 840 839 916 jus
851 841 960 917 fasque.
1001 839 1073 899 Poe.

185 944 287 1010 tremo,
309 945 412 1013 septus
430 957 529 996 amore
541 937 673 995 Aurelia
687 937 839 1009 Orestillae,
853 937 945 1013 11111,
965 943 1072 1014 prester

184 1031 315 1103 formam,
326 1032 403 1089 nihil
416 1052 548 1109 unquam
556 1034 651 1091 bonus
663 1032 795 1091 laudarit
801 1051 810 1103 3
824 1032 902 1108 quod
914 1052 950 1090 eo
961 1033 1073 1092 nubere

184 1126 229 1184 illi
256 1126 419 1201 dubitabat,
440 1130 548 1187 timeus
566 1130 736 1205 privignum
758 1129 860 1191 adulta
885 1134 991 1202 setste3
1018 1148 1071 1206 pro

185 1229 264 1280 serto
284 1223 429 1297 ereditur,
441 1231 544 1282 necato
563 1226 633 1298 filio,
654 1245 777 1284 vacuam
799 1226 919 1284 domum
943 1226 1072 1285 scelestis

184 1320 297 1396 nuptiis
310 1321 417 1379 feoissa.
460 1321 532 1391 Quae
546 1322 664 1397 quidem
680 1340 726 1379 111
742 1321 817 1379 milri
832 1322 865 1378 in
878 1321 980 1397 primis
993 1322 1071 1379 visle-

184 1422 236 1474 tur
254 1436 354 1475 oaussa
373 1419 462 1476 fuisse
482 1418 619 1476 facinoris
637 1419 812 1479 maturandi
854 1417 991 1494 Namque
1010 1419 1070 1476 ani*

184 1530 249 1569 mus
261 1513 401 1589 impurus,
413 1512 458 1569 dis
470 1512 694 1588 hominibusque
704 1513 835 1583 infestus,
847 1531 942 1588 neque
951 1513 1071 1589 vigiliis,

184 1627 279 1684 neque
287 1609 436 1685 quietibus
449 1608 543 1665 sedari
552 1614 670 1684 poterat
675 1628 685 1681 3
705 1609 750 1665 ita
756 1607 933 1665 oonsoientia
940 1613 1070 1669 mentem

184 1705 311 1762 excitam
324 1703 467 1764 restabat
510 1705 608 1780 Igitur
621 1705 698 1763 oolos
711 1703 875 1779 exsanguis,
894 1704 964 1768 foedi
982 1705 1066 1776 oculi,

183 1803 259 1859 ritus
279 1802 371 1874 modo,
395 1803 482 1859 modo
505 1802 643 1860 turdus
633 1820 781 1859 incessus·
771 1845 781 1877 ,
807 1820 925 1879 prorsus
944 1802 977 1859 111
996 1802 1069 1861 faeie

183 1898 327 1973 vultuque
339 1899 472 1976 vecordia
484 1898 587 1958 inerat.

187 1994 335 2054 XVI.
375 1993 435 2051 Sed
450 1994 647 2069 juventutem,
665 2013 764 2070 quum,
777 2000 812 2053 ut
826 2015 914 2072 supro
929 1994 1066 2066 diximus

182 2092 325 2161 illexerat,
347 2089 450 2146 multis
467 2089 562 2161 modis
582 2089 659 2147 mala
678 2090 807 2147 facinora
826 2090 970 2151 edocebat.
1021 2090 1067 2150 Ex

182 2186 242 2243 illis
267 2192 356 2243 testes
378 2186 597 2262 signatoresque
622 2185 710 2242 falsos
736 2185 937 2259 commodara3
970 2185 1065 2256 fidem,

183 2284 321 2355 fortunas,
332 2281 463 2358 pericula
474 2283 547 2343 vilia
558 2282 665 2340 habero
671 2303 680 2355 3
699 2287 773 2360 post,
784 2284 836 2341 nbi
849 2301 949 2340 eorum
960 2283 1067 2356 famam

182 2384 271 2455 atque
289 2380 430 2455 pudorem
449 2380 613 2451 attriverat,
633 2380 746 2455 majora
764 2379 823 2436 aliu
841 2380 1021 2455 imperabat:
1042 2378 1067 2436 si

182 2493 282 2549 caussa
301 2474 440 2550 peccandi
459 2475 492 2531 in
511 2493 637 2550 presens
654 2475 753 2532 minus
765 2475 940 2550 suppetebat
944 2495 954 2547 3
973 2473 1066 2533 nihilo

181 2571 280 2629 minus
299 2572 437 2643 insontes,
458 2571 546 2629 sicuti
559 2576 664 2643 sontes,
679 2569 898 2640 rireomvenire,
914 2569 1066 2646 jugulare:

180 2665 298 2737 seilicet,
313 2684 351 2722 ne
363 2684 416 2742 per
429 2666 523 2722 otium
536 2671 733 2741 torpescerent
746 2684 850 2723 manus
869 2671 922 2724 aut
941 2664 1064 2736 animus,

180 2761 310 2836 gratuito
329 2762 428 2838 potius
447 2763 542 2820 malus
560 2763 793 2838 atque'crudelis
813 2769 883 2827 orat
925 2762 985 2821 His
997 2762 1068 2823 ami-

176 2860 221 2916 eis
234 2859 376 2934 sociisque
389 2859 513 2916 confisus
527 2859 662 2932 Catilina,
676 2860 764 2917 simul
784 2860 862 2936 quod
880 2879 919 2917 aes
938 2859 1066 2917 alienum

179 2973 232 3030 per
244 2974 344 3012 omnes
358 2961 451 3013 terras
463 2956 651 3031 ingemeret,
665 2962 696 3014 et
709 2956 793 3032 quod.
803 2956 934 3032 plerique
952 2954 1066 3015 Sullani

178 3051 297 3122 milites,
318 3051 427 3127 largius
442 3071 495 3108 suo
510 3051 565 3122 usi,
582 3052 752 3128 rapinarum
769 3057 800 3110 et
816 3051 946 3109 vietoriae
961 3050 1065 3108 veteris

179 3165 327 3219 memores,
351 3149 437 3207 oivile
456 3148 567 3209 bellum
586 3150 773 3225 exoptabant,
793 3148 990 3224 opprimenda
1011 3147 1065 3211 rel·

176 3247 300 3322 publiea
313 3248 466 3306 consilium
485 3249 569 3324 oepit
609 3247 650 3306 In
669 3248 760 3307 Italia
778 3248 879 3307 nullus
898 3246 1060 3305 exereitusr

175 3341 232 3403 On.
249 3340 405 3419 Pompeius
419 3346 451 3402 in
464 3344 603 3408 extremis
621 3345 708 3403 terris
720 3343 830 3403 bellum
849 3345 985 3421 gerebat:
1005 3340 1063 3417 ipsi
